2542 4672
603 285 661 353 191

144 502 183 564 in
217 497 293 564 visis
329 495 477 578 obtinet,
512 492 572 560 sed
607 494 645 559 in
676 495 715 560 iis
750 492 861 560 formis
889 494 1005 580 etiam,
1036 520 1119 587 quas

145 617 241 711 quasi
267 616 355 680 intus
379 613 473 681 nobis
504 611 610 680 obfert
636 614 841 701 imaginatio,
876 640 1023 707 quasque
1056 641 1116 685 co-

145 735 282 823 gitando
301 735 479 822 effingimus
498 735 563 825 ipsi
586 734 647 825 (l).
668 772 706 787 -
727 733 836 801 Credo
851 734 1008 826 equidem
1023 738 1120 804 etiam

148 856 237 922 hanc
262 879 338 922 vere
358 878 425 920 esse
447 852 591 920 Platonis
612 855 825 938 sententiam,
848 878 975 946 neque,
998 880 1120 946 quam·

148 977 198 1042 vis
233 973 349 1066 mytho
381 975 558 1066 praecipue
594 975 799 1058 continetur,
830 975 963 1065 poetico
992 976 1123 1042 ornatui

147 1119 218 1162 osse
253 1092 498 1173 accensendam.
542 1091 609 1160 Sed
644 1117 713 1160 non
744 1091 858 1176 video,
893 1091 977 1183 quid
1006 1091 1120 1184 prole-

150 1214 264 1283 eerim.
308 1213 396 1279 Num
418 1209 608 1279 indistincte
628 1235 740 1279 omnes
761 1213 950 1279 existimabo
975 1210 1123 1279 idearum

149 1354 310 1411 memores
336 1330 429 1414 fieri,
459 1331 538 1420 qui,
568 1353 621 1396 res
648 1347 770 1397 creatas
797 1329 1033 1421 adspicientes,
1063 1355 1122 1399 ve·

149 1474 222 1517 ram
248 1458 360 1517 earum
381 1449 552 1515 essentiam
577 1473 601 1515 o
621 1451 764 1540 pristino
788 1449 846 1516 illo
871 1467 959 1516 statu
974 1450 1047 1516 sibi
1067 1450 1121 1517 vi-

148 1567 274 1635 dentur
301 1569 337 1633 in
363 1569 551 1635 memoriam
575 1572 750 1636 revocare?
795 1569 832 1635 Si
851 1569 915 1636 hoc
938 1567 1121 1654 admittam,

150 1713 257 1781 quum
292 1688 381 1753 ideae
408 1711 536 1779 semper
564 1685 698 1757 eaedem
730 1689 797 1754 sint
829 1705 864 1754 ct
889 1685 1121 1772 immutabiles,

102 1828 105 1835 ·
150 1805 333 1903 perfectam
353 1829 465 1873 omnes
484 1807 716 1873 nanciscentur
729 1807 798 1874 teri
810 1807 996 1891 scientiam,
1019 1807 1123 1875 omnis

152 1924 286 1992 tolletur
314 1923 486 1991 dissensus.
540 1925 587 1992 At
614 1924 678 1992 hoc
701 1928 914 2017 nequaquam
938 1921 1131 2012 contingere

149 2041 318 2128 uidemus,
349 2041 432 2109 illud
461 2042 640 2109 humanam
670 2062 822 2111 naturam
843 2063 986 2137 superet.
1031 2044 1125 2135 Quid

148 2164 276 2251 igitur?
321 2162 406 2251 Quis
427 2162 590 2230 verissime
610 2161 827 2229 recordaturi
880 2165 1066 2247 Iterumne,
1088 2181 1126 2232 ut

149 2283 217 2371 hoc
245 2279 482 2366 dijudicemus,
504 2279 555 2345 ad
589 2278 793 2347 dialecticam
818 2281 1059 2351 recurrendum
1084 2309 1124 2350 e-

148 2374 197 2493 lit
220 2400 294 2492 (2)t
353 2399 400 2466 At
438 2398 600 2483 vidimus,
638 2424 737 2490 quam
763 2423 882 2491 parum
922 2401 985 2469 hac
1020 2402 1057 2467 in
1089 2426 1125 2470 re

148 2535 330 2629 praestet..
350 2515 443 2607 Quid
475 2517 608 2585 taudem
637 2537 786 2608 superest
812 2520 929 2593 nobis?
973 2522 1126 2587 Internus

147 2639 237 2725 forte
259 2628 404 2705 veritatis
429 2660 557 2719 sensus,
580 2635 711 2729 qualem
734 2655 767 2704 et
792 2636 923 2706 obruet
950 2642 1128 2709 recentiori

150 2734 300 2845 tempore
325 2755 529 2822 somniarunt
560 2755 774 2847 philosophi?
825 2761 873 2832 At
893 2777 942 2826 est
968 2761 1024 2828 hio
1051 2780 1127 2831 ets

147 2877 298 2946 Platonis
332 2874 509 2967 discipline
544 2875 694 2943 radonali
730 2901 893 2968 perquam
929 2877 1053 2947 alienus
1092 2900 1127 2951 et

147 2995 295 3066 eandem
315 3020 373 3061 sna
399 2997 469 3064 vice
495 2996 668 3087 praebebit
692 2994 928 3063 difficultatem.
976 3050 980 3059 .

195 3114 337 3184 Videtur
364 3117 480 3200 igitur,
510 3133 548 3181 ut
577 3116 796 3208 comparando
823 3117 1040 3206 exprimamus
1068 3120 1125 3204 ju-

146 3234 278 3303 dicium
305 3251 469 3317 nostrum,
505 3232 646 3301 Platonis
674 3236 824 3303 doctrina
850 3234 1011 3303 simillima
1037 3239 1126 3324 viae,

103 3343 110 3355 ’
150 3378 241 3449 quae
262 3352 429 3445 principio
456 3377 524 3419 una
553 3372 587 3420 et
613 3353 752 3447 simplex
778 3375 846 3441 est,
869 3359 914 3423 ita
936 3376 975 3425 ut
1001 3384 1125 3450 aequa-

148 3473 267 3544 biliter
292 3489 326 3540 et
353 3474 557 3561 conjunctim
585 3499 694 3543 omnes
726 3469 769 3542 'ea
795 3477 950 3568 progredi
979 3479 1123 3569 possint3

188 3738 232 3809 (l)
250 3733 332 3786 Meno
349 3735 393 3787 81.
412 3732 445 3786 C·
466 3751 470 3759 ·

140 3850 144 3855 -
186 3820 231 3889 (2)
250 3817 333 3871 Meno
347 3819 391 3870 98.
412 3818 446 3870 A.
470 3817 527 3885 ipsa
550 3816 743 3871 reminiscentia
769 3819 936 3890 (ἀνάμνησις)
958 3826 1069 3873 vocatur
1087 3820 1134 3870 ic-

248 3902 358 3968 γισμός,
385 3904 461 3971 cujus
476 3902 585 3957 maculo
602 3905 735 3973 efficitur,
755 3905 875 3961 scientiae
892 3906 971 3975 ficri,
990 3925 1058 3979 quae
1074 3915 1135 3961 aute

150 4055 153 4061 Ι
249 4001 304 4039 uon
320 3984 373 4041 nisi
389 3985 530 4055 opiniones
547 3986 660 4041 fuerunt.
1213 3994 1216 4000 ’
