2520 4672
59 3678 84 3721 14

502 245 674 363 Δ98

126 489 129 497 ¹
172 511 262 603 quod
296 511 325 575 si
358 506 571 573 fundamento
607 500 736 570 cuidam
769 500 850 569 haec
888 499 1037 568 doctrina
1068 524 1115 566 su-

170 645 355 722 perstructa
376 625 559 706 videretur,
582 620 670 687 'illud
696 622 734 707 in
759 617 827 689 solo
851 615 1015 687 felicitatis
1036 622 1116 711 priu-

172 749 259 839 cipio
274 746 465 814 collocatum
477 760 578 826 esset,
597 740 639 807 ad
660 741 828 832 proposito
849 743 1049 808 contrarium
1060 765 1117 808 aaa·

170 892 212 958 pe
233 865 387 957 perduxit
404 863 504 929 tinem
519 861 578 949 (l).
610 861 678 926 Hae
693 859 887 950 praecipuae
906 885 1021 928 causae
1040 857 1118 927 tune

168 985 322 1053 videntur
343 984 443 1049 subiti
471 980 698 1071 Sophistarum
719 997 896 1070 proventus
925 997 960 1046 et
985 1003 1118 1065 commu·
1172 1064 1174 1083 Ι

169 1107 218 1171 nis
241 1103 307 1171 sere
329 1079 593 1183 benevolentiae,
618 1124 685 1191 qua
710 1100 805 1167 initio
831 1098 1087 1189 accipiebantur.

214 1341 262 1406 De
282 1338 437 1425 doctrina
460 1337 687 1429 sophistarum
714 1338 908 1427 exposituri,
931 1336 1075 1427 primum
1092 1333 1126 1403 de
1171 1314 1174 1323 ¹

168 1458 313 1525 sontibus
341 1455 505 1526 videamus
532 1465 662 1525 necesse
688 1473 757 1539 est,
780 1479 798 1526 c
825 1456 946 1546 quibua
968 1452 1026 1521 illa
1045 1471 1126 1522 recto

57 1597 59 1602 ’
170 1578 351 1645 hauriatur.
410 1579 459 1642 Ex
499 1574 592 1641 oditis
630 1575 778 1665 scriptis,
814 1597 882 1641 uno
917 1574 1057 1661 Gorgiae
1091 1572 1138 1639 li··

164 1694 274 1784 bello,
299 1698 357 1786 qui
386 1695 428 1761 ad
457 1695 679 1785 quaestionem
705 1711 850 1761 nostram
875 1717 944 1761 non
970 1695 1132 1784 pertinet,

168 1831 324 1905 excepto,
356 1812 485 1879 nullum
512 1831 673 1882 servatum
698 1830 766 1896 est,
796 1815 841 1880 ita
868 1830 907 1878 ut
932 1837 973 1881 ex
1001 1812 1135 1883 aliorum

171 1931 381 2010 testimoniis,
406 1956 489 2021 quae
517 1931 584 1998 huc
608 1932 776 2023 pertinent
799 1928 945 2018 colligere
972 1957 1136 2021 cogamur.

170 2051 214 2117 Et
231 2028 378 2134 magnoin
391 2050 459 2117 'hoc
481 2051 602 2117 habere
628 2051 828 2134 cautionem,
851 2048 947 2116 multi
967 2052 1034 2118 viri
1050 2051 1139 2123 docti

169 2168 381 2256 judicarunt3
420 2171 486 2235 imo
523 2187 680 2260 tanquam
710 2193 751 2236 ex
776 2171 909 2260 impuro
934 2167 1026 2238 sonte
1055 2196 1140 2265 pro·
1167 2212 1171 2226 ·

169 2286 282 2369 fectis,
316 2311 444 2354 omnem
470 2286 537 2354 sere
571 2289 608 2352 iis
636 2312 790 2374 negavere
817 2290 1046 2359 auctoritatem
1066 2292 1139 2386 (2);

170 2404 225 2471 alii
246 2407 386 2488 rectius,
409 2425 509 2496 puto,
533 2406 651 2473 horum
673 2408 937 2475 'testimoniorum
954 2408 1068 2478 ‘fidem
1090 2412 1143 2481 rel

170 2521 268 2613 plane
297 2526 527 2609 retinuerunt,
550 2524 603 2594 vel
628 2550 779 2613 magnam
807 2545 893 2596 certe
919 2549 1051 2621 partem
1073 2533 1141 2628 (3)=

168 2643 309 2711 Platonis
345 2646 451 2727 enim,
488 2644 669 2712 Aristotelis
696 2664 729 2713 et
765 2664 928 2738 quotquot
955 2646 1071 2740 plures
1099 2652 1141 2721 de

260 2822 326 2872 quoa
348 2806 439 2870 affert,
463 2824 516 2858 nou
536 2824 602 2875 opus
619 2807 669 2859 erit
684 2825 807 2873 monere,
833 2826 917 2878 quum
933 2828 989 2864 nou
1008 2813 1043 2865 alr
1062 2815 1148 2870 Ethi-

258 2905 301 2940 cea
324 2890 470 2956 praeceptis
495 2891 657 2956 refutandis,
693 2906 786 2946 verum
810 2892 950 2962 principii·
973 2901 1144 2970 evertendis,

258 2969 398 3038 Sophiatae
416 2973 577 3024 ordirentur.

196 3055 236 3124 (1)
256 3054 297 3110 Ut
314 3058 461 3125 probetur,
482 3059 503 3110 si
521 3058 623 3110 utilitas
640 3063 789 3125 spectatur,
807 3057 933 3126 justitia
924 3063 1084 3132 injustitiam
1100 3068 1146 3120 lu-

254 3141 398 3194 crosiorom
417 3161 488 3208 ease,
508 3144 595 3195 tendit
611 3161 637 3198 v
654 3161 677 3196 c.
696 3139 889 3211 Thrasymaohi
907 3143 1053 3215 disputatio
1073 3138 1153 3222 cpud'

255 3222 325 3274 Plat.
349 3225 415 3293 Rep.
441 3225 465 3277 I.
499 3228 559 3278 343.
587 3227 625 3278 D.
650 3243 710 3294 sqq.
748 3242 828 3294 quem
865 3226 971 3280 collatio
1002 3233 1144 3306 utriusque

252 3305 391 3359 beneficiio
412 3310 509 3361 refutat
529 3308 654 3362 Socrates
670 3308 708 3358 ib.
727 3308 788 3360 348.
809 3307 843 3359 A.
862 3325 923 3379 sqq·
959 3310 1003 3364 Cf.
1023 3313 1064 3367 11.
1081 3318 1143 3373 353.

257 3388 289 3439 C.
309 3389 389 3441 Plura
406 3391 475 3442 infra
492 3393 650 3447 videbimur.

193 3471 234 3542 (2)
255 3472 307 3523 cff.
325 3472 494 3545 Barthelemy
511 3476 620 3546 Voyage
634 3477 695 3528 du
686 3494 764 3546 qune
785 3475 901 3531 Anarch.
927 3477 979 3531 ch.
1007 3479 1092 3552 LIV,
1109 3484 1144 3539 V.

253 3556 384 3627 Limburg
399 3560 524 3614 Brouwer
547 3579 591 3630 op.
616 3562 635 3612 l.
657 3580 685 3629 p.
706 3562 757 3625 46,
786 3559 821 3613 Η.
837 3559 870 3612 Ε.
890 3560 956 3615 Fora
979 3561 1088 3633 Comm.
1112 3568 1146 3622 tle

254 3641 353 3713 Gorgia
371 3642 469 3696 Lcont.
487 3663 515 3712 p.
533 3645 567 3695 27
584 3663 646 3714 aq.,
666 3646 717 3709 39,
738 3645 793 3695 alii.

192 3727 233 3794 (3)
254 3727 306 3779 Cff.
339 3727 455 3780 Garnier
479 3727 609 3784 Mamoire
641 3747 685 3782 aur
719 3729 814 3782 Platon
838 3729 904 3782 dana
929 3730 969 3782 leo
999 3730 1083 3785 Mam.
1112 3735 1145 3787 de

253 3808 361 3862 l’Acad.
387 3811 434 3864 dea
452 3811 516 3863 bell.
541 3809 614 3864 Lett.
640 3820 667 3864 et
692 3812 776 3865 Inaer.
802 3810 836 3863 Τ.
860 3811 986 3866 xxxss.
1011 3832 1041 3883 p.
1076 3818 1145 3885 1⁵6,

253 3891 422 3947 Tennemann
440 3913 465 3948 o.
487 3897 507 3946 l.
537 3896 560 3947 I.
588 3897 647 3949 351.
671 3914 753 3965 sqq.,
783 3894 852 3947 Geel
880 3894 983 3951 Comm.
1008 3897 1029 3950 l.
1050 3917 1082 3968 p.
1110 3901 1144 3968 2,

252 3974 367 4031 Meinera
385 3995 410 4030 o.
430 3979 448 4029 l.
468 3977 501 4028 T.
520 3977 560 4031 11.
578 3997 605 4047 p.
624 3978 694 4046 207,
714 3978 782 4046 220,
803 3977 860 4031 alii.
