2542 4672
612 290 667 353 188

148 529 275 597 semper
309 502 441 571 eaodem
476 516 553 565 sunt
587 518 686 589 atque
719 500 952 569 immutabiles.
1008 504 1107 573 Omnis

148 629 245 713 igitur
277 623 439 690 dissensus
469 622 555 687 inter
581 618 725 685 homines
753 618 796 685 de
829 644 891 705 eo,
928 622 1023 713 quod
1045 628 1106 721 l¹¹'.'

148 766 239 828 tum,
269 741 360 834 quod
388 738 558 831 pulcrum,
590 737 682 829 quod
708 739 834 805 bonum
861 757 933 825 est,
964 767 984 807 n
1010 740 1107 811 diver·

148 866 190 930 sis
212 860 363 950 gradibus
384 857 528 950 pendet,
553 858 674 947 quibus
690 856 811 925 distent
831 860 966 953 quique
987 884 1008 927 a
1028 886 1107 927 sum-

148 1007 203 1051 nto
229 991 356 1065 νοήσεως
384 976 521 1063 fastigio.
566 976 672 1067 Atqui
700 977 869 1067 proximus
897 978 966 1045 sibi
995 976 1110 1059 videtur

138 1072 299 1193 quisque.
352 1098 422 1165 Aut
448 1098 475 1161 si
502 1096 641 1185 requiris
669 1094 880 1181 modestiam,
912 1120 1019 1187 quem
1042 1084 1106 1191 opi-

146 1223 218 1287 nari
244 1220 398 1285 debemus
425 1215 591 1281 accessisse
619 1216 787 1313 proxime-'l

191 1338 268 1405 Scio
298 1336 498 1419 objecturam
529 1333 571 1397 iri
600 1331 742 1399 Platonis
762 1332 1022 1419 verecundiam,
1050 1336 1106 1423 sig-

147 1457 366 1523 nificationem
406 1450 651 1544 philosophiae,
691 1476 774 1543 quse
813 1476 883 1520 non
924 1455 1106 1547 sapientiam

147 1575 295 1659 denotet,
327 1572 384 1639 sed
410 1571 555 1637 studium
585 1572 778 1663 sapientiae,
813 1571 934 1663 plura:
974 1598 1041 1667 quo
1065 1576 1103 1643 ti·

147 1695 217 1763 tulo
241 1693 343 1761 multa
365 1710 398 1759 et
423 1692 548 1778 egregia
574 1708 609 1757 et
634 1693 769 1757 maxime
791 1692 1008 1761 memoranda
1031 1716 1102 1787 pro-

146 1813 293 1882 tulerunt
318 1810 477 1877 Heusdius
504 1809 555 1897 (l)
583 1810 701 1900 aliique
733 1807 875 1877 Plutonis
905 1812 1102 1911 interprstqp

144 1932 231 1999 Mihi
260 1948 387 2012 tamen,
423 1932 559 2015 ingenue
589 1928 710 2011 fateor,
742 1952 959 2021 nequaquam
988 1928 1101 2027 sttislq

146 2066 271 2119 cerunt.
316 2047 417 2138 Quod
444 2072 557 2113 oerum
583 2046 745 2115 subtiliter
765 2047 983 2135 distinguitur
1004 2052 1102 2141 susp

143 2172 302 2252 scientia,
340 2166 431 2258 quod
465 2190 578 2233 oerum
611 2186 745 2236 vocetur
775 2174 811 2235 τὸ
838 2173 894 2253 ὄν,
926 2170 1100 2265 opposituttt

141 2287 210 2370 illi,
237 2287 327 2377 quod
349 2287 499 2370 videtur,
528 2285 619 2377 quod
645 2311 726 2355 vera
751 2310 788 2354 ea
814 2306 911 2373 sunt,
942 2314 1027 2381 quae
1051 2314 1094 2377 ⁰47

144 2410 313 2501 sequimur
339 2408 410 2497 ipsrl
432 2416 556 2489 mente,
585 2405 676 2497 quod
694 2408 815 2493 justa,
844 2432 931 2499 quse
959 2434 1034 2479 eum
1050 2411 1096 2501 ip·

143 2553 179 2595 so
196 2529 309 2615 josto,
335 2528 478 2615 pulcra,
511 2550 593 2616 quae
622 2550 698 2593 cum
726 2528 799 2617 ipso
824 2530 952 2618 pulum
990 2552 1094 2597 nonve

143 2650 259 2729 niunt,
295 2644 437 2711 arrideat
461 2646 520 2726 iis,
551 2646 611 2736 qui
638 2644 762 2736 aliquid
789 2670 829 2712 ex
854 2646 908 2715 liis
935 2646 1096 2739 profeciat

143 2767 204 2831 sibi
230 2764 413 2832 videantur.
457 2763 621 2853 Equidem
651 2764 736 2831 nihil
763 2764 1017 2857 deprehendisse
1040 2767 1093 2857 rqi-

142 2860 180 2949 hi
208 2882 339 2962 videor,
374 2882 436 2946 nisi
463 2885 636 2949 verborum
664 2883 889 2953 definitionem
916 2905 976 2955 sut
1001 2906 1092 2977 nrm

141 3004 351 3069 mutationem
380 3003 508 3093 potius,
545 3005 665 3069 iterum
698 3006 796 3072 verba
832 3023 974 3075 tentum.
1018 3004 1093 3099 Quid

141 3142 209 3205 est,
247 3120 338 3211 quod
369 3123 506 3187 sciamus
538 3148 649 3189 verum
679 3149 744 3191 esse
774 3131 809 3191 τὸ
835 3129 932 3203 ὄντως
959 3134 1014 3211 ὄν,
1038 3149 1093 3201 noo

143 3247 177 3307 τὸ
207 3248 409 3325 φαινόμενον,
442 3242 469 3305 si
500 3266 602 3332 aeque
633 3248 671 3309 τὰ
701 3249 777 3311 ὄντα
804 3247 938 3330 cognitu
966 3243 1091 3313 difficili!

142 3376 236 3443 sunt,
273 3384 310 3425 ac
344 3362 442 3425 vera?
487 3358 598 3449 Quid,
637 3361 727 3451 quod
758 3363 895 3433 sciamus
924 3367 1013 3451 justu
1037 3386 1090 3435 ortt

147 3509 501 3523 m

173 3561 213 3630 (l)
233 3559 276 3611 Cf.
302 3577 328 3611 v.
352 3577 376 3611 c.
401 3558 501 3609 Heusd.
528 3557 567 3608 II.
587 3556 642 3608 lll.
659 3557 709 3607 219
726 3575 785 3625 sqq.
827 3557 1012 3630 Maximoporo
1031 3546 1093 3613 dolel

231 3644 350 3695 nondum
381 3662 437 3695 enm
463 3650 565 3710 purtem
589 3642 719 3708 prodiisse
740 3642 827 3709 operis
854 3640 1019 3713 Heusdinni,
1042 3660 1094 3715 qut

232 3729 351 3779 Platonis
383 3728 549 3795 disciplinam
580 3729 772 3795 complectetur
797 3728 934 3795 dejecto.
978 3730 1094 3801 Quonim

198 3852 202 3859 .
233 3813 300 3863 eninr
327 3814 410 3865 eviri
435 3814 582 3880 praeclari,
609 3832 689 3883 quem
710 3832 785 3864 suum
806 3832 861 3865 esse
881 3815 1013 3883 gloriator
1026 3814 1095 3883 puri·

232 3904 340 3959 nostru,
360 3897 491 3964 proficere
506 3900 647 3965 potuissem
666 3895 745 3965 hujus
764 3897 816 3949 loci
834 3898 1019 3967 expositione,
1037 3912 1095 3965 sepe

233 3981 371 4047 persentio.
