2520 4672
604 234 702 367 240!

276 470 279 481 ’
354 509 632 653 -seorlo
668 480 861 599 nona

404 753 483 799 -DE
515 750 821 802 alusrortttn.

575 960 682 985 m

189 1107 283 1180 Alter
304 1113 445 1199 justitiae
463 1131 621 1206 patronus
644 1113 722 1201 (boc
746 1114 871 1206 quippe
888 1112 1021 1180 nomine
1034 1108 1106 1179 Pla-

112 1266 116 1275 ·
145 1247 255 1298 tonem
290 1250 322 1298 et
356 1229 563 1299 Aristotelem
600 1230 742 1325 appellat
774 1231 965 1298 Lactantius
989 1230 1062 1321 (l))
1096 1252 1112 1295 r

145 1351 301 1417 Cicerone
327 1351 386 1416 etsi
408 1369 628 1442 postponatur
652 1352 821 1436 magistro,
843 1346 987 1416 eundem
1006 1366 1110 1415 tamen

145 1469 204 1533 tibi
232 1467 484 1563 adspitulantem
511 1467 663 1553 habebis,
687 1472 712 1536 si
738 1467 942 1562 reliquorum
969 1468 1111 1535 omnium

143 1586 412 1680 philosophorum
438 1590 641 1680 antiquitatis
668 1587 762 1656 facile
798 1589 986 1679 principem
1022 1586 1109 1674 judi-

145 1709 261 1774 caveris
298 1706 358 1797 (2).
416 1707 528 1801 Atque
563 1707 650 1774 banc
685 1704 906 1775 laudationem
944 1707 1108 1775 Ciceronis

144 1851 352 1918 nequaquam
389 1827 478 1913 justo
512 1826 823 1914 magnificentiorem
855 1849 941 1908 esse,
977 1827 1039 1917 qui
1064 1822 1111 1893 rel

145 1946 344 2036 primoribus
362 1944 470 2012 -labris
500 1944 743 2037 philosophiam
769 1942 951 2013 Aristotelis
986 1942 1107 2030 degus-

146 2066 280 2149 taverit,
317 2082 432 2157 sponte
452 2068 454 2073 ’
471 2066 621 2157 quisquis
657 2064 821 2132 fatebitur.
878 2062 1004 2132 Verum
1031 2064 1113 2129 enim

13 2269 36 2286 μ
143 2206 239 2268 vero,
267 2185 330 2250 nisi
358 2183 487 2251 difficile
515 2202 616 2267 esset,
640 2185 724 2276 quin
750 2185 846 2250 etiam
877 2182 1111 2268 incongruum,

143 2326 255 2370 rerum
282 2304 419 2370 maxime
455 2302 656 2389 diversarum
691 2304 861 2370 instituere
895 2302 1112 2395 comparatio·

144 2446 238 2505 nem,
277 2440 449 2514 appareret
484 2421 617 2502 fortasse
650 2422 818 2509 Stagiritae
852 2444 971 2513 parum
1006 2421 1112 2513 potino

143 2564 243 2632 quam
270 2544 409 2609 nimium
434 2540 539 2609 laudis
566 2566 632 2609 esse
656 2542 828 2608 tributum.
872 2537 1004 2631 Quodsi
1027 2538 1111 2607 cuim

137 2661 179 2725 i'n
213 2659 347 2727 Platone
385 2662 510 2727 mireris
551 2662 671 2748 ingenii
706 2658 893 2728 facilitatem
920 2676 955 2727 et
979 2654 1110 2747 elegun-

140 2778 238 2860 ciam,
262 2802 327 2868 qua
347 2777 568 2845 subtilissimas
593 2784 739 2870 quasque
760 2780 962 2871 quaestiones
979 2796 1016 2847 et
1031 2800 1112 2871 pet-

137 2900 282 2990 spexerit
317 2895 406 2966 ultro
441 2917 474 2966 et
508 2896 653 2966 dilucide
690 2915 882 2990 ornateque.
902 2898 1107 2991 exposuerit,

38 3103 40 3107 Α
141 3041 209 3084 non
231 3020 392 3089 minorem
414 3016 600 3087 Aristoteles
627 3035 771 3087 meretur
792 3016 943 3113 laudem,
966 3016 1029 3111 qui
1048 3038 1111 3113 cp·

141 3137 218 3203 tiori
246 3155 280 3204 et
306 3135 503 3225 diligentiori
529 3139 632 3207 forma
659 3160 789 3206 omnem
820 3134 966 3205 induerit
997 3134 1109 3231 pbilo-

140 3254 274 3345 sopbiae
311 3259 544 3326 tractationem.
596 3256 781 3326 Accedebat
816 3254 985 3325 doetrinae
1021 3256 1115 3349 copi·

138 3368 238 3465 plane
263 3374 452 3462 singularis,
476 3396 546 3445 tum
578 3381 744 3447 universae
770 3375 994 3471 philosophiae
1023 3358 1127 3447 mci?

141 3494 264 3583 quioris
291 3492 390 3586 plena
420 3498 544 3564 notitia.
589 3500 688 3565 Missa
714 3516 824 3566 autem
853 3498 944 3565 omni
975 3520 1114 3591 cmpu-

128 3610 237 3680 ··randi
258 3612 412 3698 libidine,
435 3618 679 3711 noniueptum
707 3618 800 3689 uobis
827 3640 936 3709 nequo
956 3612 1117 3685 insulsum

80 3900 83 3905 '
172 3906 605 3979 (ittacunt.tau.v.1t.5.

170 3992 390 4064 (neuma.
411 3992 548 4049 tta,
688 4061 691 4066 ¹
810 4024 815 4031 -
