2542 4672
592 264 649 331 178

140 482 317 548 amicorum
350 473 583 565 exspectationi
618 470 788 540 satisfieret
825 472 891 565 (1).
937 475 1100 567 Opinnbe·

142 618 195 667 tus
232 622 307 666 oum
340 592 520 677 Heraclito,
556 592 696 685 perenni
729 609 821 659 motu
851 594 965 681 egiteri
993 618 1103 687 eorpo-

140 744 177 786 ra
210 718 281 807 (2);
312 714 371 782 sed
401 738 469 779 non
496 729 670 803 propterea
696 711 739 779 de
765 736 843 780 vero
868 711 1105 805 desperandum

141 862 208 904 esse
240 836 366 922 ajebetz
400 857 468 899 non
494 833 582 898 enim
608 832 753 899 sensibus
776 832 863 899 huno
892 832 1107 923 quaestionem

142 954 289 1046 relinqui
315 972 465 1045 oportere
494 950 566 1040 (3)=
605 951 731 1042 quippe
758 976 842 1042 quse
869 975 942 1019 non
968 952 1036 1019 nisi
1058 953 1107 1017 in·

141 1091 321 1141 strumenta
356 1069 509 1138 habenda
544 1070 630 1153 sint,
667 1093 810 1162 quorum
846 1094 911 1163 ope
950 1086 1110 1163 temqum

141 1196 179 1260 in
206 1190 317 1261 tabule
344 1215 434 1258 nerea
456 1190 608 1275 imagines
630 1212 743 1255 rerum
769 1190 1035 1279 imprimuntur,
1059 1191 1109 1281 ip·

143 1336 194 1379 sae
221 1334 298 1379 vero
324 1333 375 1376 res
407 1333 617 1400 nequaquem
647 1307 878 1400 percipiuntur
916 1308 995 1401 (4)3
1030 1326 1111 1377 reste

144 1429 228 1497 adeo
265 1426 493 1495 Parmenidem
533 1428 680 1493 sensibus
722 1429 910 1519 opposuisse
953 1430 1112 1509 animum,

142 1572 211 1641 quo
240 1571 353 1617 verum
383 1554 418 1613 τὰ
444 1551 481 1614 ὄν
510 1543 746 1637 comprehendi
772 1544 890 1613 debeat
921 1546 973 1636 (6)
984 1554 1001 1615 ε’
1028 1546 1113 1615 hune

140 1686 252 1737 temen
282 1689 434 1733 sensuum
464 1688 560 1730 usum
587 1662 760 1731 immodice
787 1680 821 1732 et
846 1662 998 1733 obsolute
1023 1665 1131 1733 nimis

141 1788 288 1876 rejecisse
306 1787 453 1877 penitus,
475 1781 682 1875 eundemque
700 1781 850 1867 tandem,
872 1785 1027 1875 quumvis
1043 1788 1112 1853 reo·

143 1924 174 1974 te
198 1929 350 1972 exorsum
372 1930 389 1969 e
415 1903 562 1970 sensibus
590 1900 632 1968 ad
659 1918 819 1985 mentem,
847 1904 889 1969 ab
903 1906 1062 1997 opinione
1073 1902 1112 1971 ed

142 2025 328 2106 seientiam,
356 2023 397 2087 ah
416 2022 474 2103 iis,
491 2046 587 2112 quse
610 2020 763 2089 videntur
786 2046 874 2106 esse,
902 2023 947 2090 ed
971 2050 1012 2093 ee
1034 2048 1111 2117 ques

141 2160 236 2227 sunt,
274 2138 447 2207 transferre
483 2139 746 2231 disquisitionem
780 2140 823 2208 de
851 2166 950 2227 vero,
975 2142 1112 2213 'omnen

141 2262 281 2328 omisisse
303 2262 406 2341 viam,
429 2256 560 2350 quaed
583 2268 636 2326 τοῦ
658 2264 746 2337 ὄντος
767 2260 937 2328 seientiam
957 2262 1039 2355 quis
1058 2288 1111 2333 eo·

141 2379 259 2448 cedere
289 2380 391 2471 possit
415 2377 694 2469 etimperfectam
718 2381 821 2465 igitur'
838 2378 990 2473 adeoque
1011 2384 1111 2451 inuti·

141 2498 208 2567 lem
219 2498 388 2590 reliquisse
402 2497 549 2564 omnium
561 2496 810 2590 disciplinarum
823 2488 1046 2586 gravissimam
1058 2502 1113 2593 (6).

172 2715 215 2782 (l)
235 2712 278 2762 Cf.
297 2710 389 2762 Celeb.
409 2710 467 2762 Ast.
487 2710 555 2761 Pus.
573 2707 642 2760 Leb.
662 2711 716 2761 und
735 2709 849 2764 schrift.
868 2731 894 2780 p.
913 2712 968 2764 212
986 2732 1030 2785 oq.

174 2796 215 2864 (2)
236 2793 295 2845 Cic.
312 2788 390 2844 Orat.
406 2790 439 2842 C.
450 2792 474 2842 3.
497 2810 512 2840 o
522 2791 599 2842 Pluto
617 2792 654 2843 sit
669 2820 703 2832 -
719 2800 821 2845 caetera
838 2792 940 2860 (omniu
950 2795 1012 2847 scil.
1020 2800 1116 2863 preste

231 2874 317 2943 ideas)
336 2873 425 2936 nesci,
453 2874 592 2937 occidere,
613 2874 713 2939 ssuere,
739 2876 794 2926 lobi
810 2892 859 2928 nso
878 2877 983 2929 diutius
1000 2897 1056 2931 mes
1070 2896 1115 2931 uio

232 2965 260 3010 et
282 2958 377 3010 eodem
401 2957 506 3008 etstu’'.
542 2958 648 3011 Patebit
662 2958 733 3009 infre
750 2960 830 3011 latius
846 2978 880 3013 ex
896 2960 1042 3031 speluncae
1058 2962 1114 3017 Plu-
1149 2982 1153 2987 ·

231 3041 335 3093 tonicae
353 3041 534 3092 similitudine.

173 3128 213 3195 (3)
233 3127 356 3177 Parmen.
374 3126 433 3176 136.
451 3125 488 3176 D.
498 3122 532 3175 E.
551 3122 652 3177 Phaed.
671 3126 714 3177 65.
735 3122 765 3176 B.
784 3128 828 3178 66.
845 3124 941 3179 A-E.
977 3128 1024 3183 Cl'.
1043 3130 1113 3197 hri·-

232 3214 283 3259 tot
299 3203 420 3275 Meteph.
441 3206 465 3257 l.
484 3209 509 3258 6.
527 3227 555 3276 p.
574 3208 634 3259 847.

173 3290 215 3357 (4)
235 3286 346 3340 Thesot.
367 3291 427 3340 191.
446 3289 480 3341 C.
498 3308 559 3359 sqq.
588 3289 693 3343 Phileb.
712 3292 754 3342 39.
775 3293 809 3342 A.

174 3372 215 3441 (5)
237 3369 322 3439 Soph.
339 3372 399 3421 249.
415 3370 447 3422 C.
476 3372 535 3423 Καὶ
553 3376 607 3440 μὴν
624 3374 691 3444 πρός
708 3394 739 3441 ys
756 3378 856 3428 τοῦτον
872 3376 963 3428 παντὶ
979 3378 1052 3449 λόγῳ
1065 3396 1112 3445 μι-

213 3455 350 3522 ,χητὲοη
375 3450 404 3511 ὃς
428 3452 460 3505 dr
486 3455 637 3523 ἐπιστήμην
661 3458 679 3521 ἢ
700 3458 860 3527 φρόνησννή
880 3462 948 3510 νοῦν
965 3452 1113 3531 denudem,

233 3539 412 3606 ἰσχυρίζηται
431 3537 497 3605 περί
523 3555 596 3595 τινος
620 3537 732 3605 ὁπῃοῦν.
769 3539 827 3592 cic.
848 3540 935 3611 Acid-
954 3542 1002 3595 Pr.
1023 3542 1113 3595 11.ss

230 3621 335 3673 »Pluto
367 3636 445 3670 omne
475 3619 607 3686 judicium
637 3620 758 3673 veritatis
790 3622 986 3693 veritatemque
1018 3623 1113 3693 ipim,

231 3704 373 3755 abductam
397 3703 431 3753 eb
459 3704 630 3769 opinionibus
656 3714 682 3757 ot
698 3725 711 3757 e
729 3709 864 3775 sensibus,
893 3709 1062 3778 cogitationis
1075 3710 1114 3779 ip·

230 3788 284 3839 sius
298 3794 326 3838 et
338 3787 434 3838 mentis
451 3805 506 3838 esse
523 3787 645 3841 voluis&

172 3874 213 3942 (6)
233 3871 285 3924 cff.
304 3870 484 3923 Tennemann.
503 3870 609 3941 System
628 3872 677 3923 dor
695 3873 798 3925 Platon.
821 3871 894 3926 Phil.
913 3872 956 3927 ΙΙ.
974 3874 1029 3929 320
1043 3894 1113 3947 sqq..
1132 3924 1136 3933 .

230 3954 330 4011 Heusd.
353 3956 416 4013 luit.
436 3955 509 4012 Phil.
531 3957 601 4011 Plet.
619 3956 653 4011 Τ.
672 3956 712 4010 ll.
730 3959 761 4013 P.
782 3957 840 4012 lll.
859 3960 909 4013 156
927 3978 990 4033 sqq·
1014 3964 1064 4019 16⁷
1077 3980 1113 4031 sq.
