2520 4672
603 309 667 373 242

150 526 289 618 proprio
307 523 434 589 tramite
456 521 681 603 insistentem,
698 536 810 586 rerum
827 521 1124 591 Divinarum-cau-

151 671 199 712 sas
228 646 473 736 acquirentem,
496 649 549 708 τοῦ
570 646 666 716 ὄντως
693 644 780 716 ὄντος
804 642 974 708 scientiam
996 664 1123 711 venan-

151 783 226 833 tem.
285 759 507 830 Aristotelicas
549 757 742 850 disciplinae
782 757 926 828 indolem
969 764 997 828 si
1040 782 1125 831 recte

151 906 341 969 cognoscere
364 879 517 963 velimus,
550 899 702 970 reputare
731 896 859 970 oportet
880 898 911 947 et
940 884 1122 951 institutio·

150 1027 226 1069 nem
252 999 412 1081 Platonis,
450 1015 483 1064 et
515 999 695 1087 antiquiori
723 997 950 1090 philosophiae
978 1001 1121 1088 diligen-

151 1125 304 1189 tissimam
336 1142 467 1210 operam
498 1134 646 1186 navatam
670 1121 806 1208 ejusque
835 1112 1121 1202 accuratissimam,

109 1263 114 1270 ·
150 1265 214 1332 pro
253 1239 310 1305 illo
341 1253 528 1327 tempore,‘
546 1238 736 1327 acquisitam
763 1238 932 1320 notitiam,
968 1257 1001 1306 ct
1030 1240 1118 1325 inge·

151 1360 245 1424 nium
279 1356 467 1448 philosophi
499 1354 541 1421 ad
565 1354 783 1442 judicandum
809 1382 847 1423 ac
876 1357 1116 1444 corrigendum,

152 1503 251 1570 quam
278 1476 320 1541 ad
347 1474 567 1560 effingendum
595 1493 694 1566 atque
721 1475 949 1542 exornandum
976 1480 1115 1568 pronius.

152 1580 187 1664 Si
224 1619 298 1664 vere
328 1593 394 1659 dici
430 1611 538 1684 potest
573 1593 713 1690 Socratis
741 1593 892 1661 doctrine
919 1614 1114 1689 temporum,

123 1769 125 1772 .
152 1718 272 1808 quibus
296 1716 393 1795 vixit,
426 1707 539 1778 deberi
566 1715 763 1796 necessitati,
786 1738 856 1780 non
881 1714 1031 1782 inferiori
1051 1720 1115 1803 jum

150 1835 317 1916 statueris,
341 1831 582 1903 Aristotelicum
609 1857 782 1923 nunquam
810 1832 923 1919 talem,
948 1833 1053 1926 qualis
1080 1836 1115 1900 ab

151 1971 283 2020 auctore
312 1951 399 2018 edita
426 1967 494 2033 est,
517 1949 613 2019 fuisse
640 1951 874 2043 prodituram,
889 1954 952 2018 nisi
977 1955 1018 2021 eh
1044 1972 1116 2053 esset

149 2074 231 2138 tunc
259 2071 413 2161 temporis
440 2069 649 2162 philosophia
686 2058 873 2139 conditione
909 2094 986 2156 usa,
1024 2100 1117 2166 quem

58 2259 60 2267 ,
145 2210 190 2258 er·
208 2191 448 2280 superioribus,
471 2176 718 2282 spero,'aliquo
739 2190 837 2257 modo
858 2191 1018 2259 habemus
1039 2214 1112 2286 per-

109 2320 122 2343 *
148 2326 302 2401 spectem.
362 2308 492 2374 Etenim
529 2310 678 2400 quisquis
712 2311 750 2374 in
777 2311 959 2379 Aristotelis
993 2315 1115 2405 scriptis

146 2449 216 2497 non
252 2430 385 2495 omnino
411 2428 530 2519 hospes
561 2430 686 2512 existit,
718 2447 864 2496 veterum
889 2429 1031 2522 placita,
1054 2435 1114 2501 sive

144 2549 267 2616 diserte
296 2545 524 2640 appellantur,
555 2549 621 2615 sive
649 2549 747 2614 tacite
773 2549 979 2634 innuuntur,
1002 2553 1116 2643 respici

74 2668 76 2672 ⁴
146 2670 268 2750 ubivis,
300 2666 447 2744 laudari,
481 2670 606 2748 notari,
639 2668 777 2752 corrigi,
810 2688 941 2734 necesse
970 2686 1020 2735 est
1046 2672 1115 2736 ani·

144 2787 366 2854 madverterit.
411 2786 526 2875 Neque
555 2809 638 2876 opus
666 2804 715 2852 est
740 2785 836 2870 ideo,
859 2803 897 2851 ut
923 2785 1115 2856 simultatem

142 2907 252 2991 illam,
289 2926 389 2998 quam
423 2907 640 2972 intercessisse
675 2904 853 2996 perhibent
886 2907 998 2996 ipsum
1032 2908 1116 2975 inter

143 3045 177 3095 et
203 3027 390 3108 Platonem,
414 3048 593 3110 urgeamus.
639 3024 797 3113 Quamvis
824 3025 913 3090 enim
939 3024 1021 3121 haec
1043 3036 1113 3093 trs·

61 3180 65 3185 v
144 3146 227 3212 ditio
253 3168 321 3210 non
349 3144 440 3210 omni
466 3141 680 3208 fundamento
701 3141 857 3210 destituta
878 3142 1031 3228 videtur,
1054 3170 1114 3237 po·

143 3256 208 3331 test
222 3282 346 3338 ‚tamen
372 3260 465 3328 facile
492 3264 588 3327 etiam
616 3260 747 3329 ahuude
781 3287 875 3329 causa
902 3266 1031 3354 repeti,
1060 3290 1115 3333 cur

142 3383 336 3476 praesertim
372 3380 515 3446 Platonis
547 3379 698 3446 doctrina
735 3382 775 3447 sb
806 3382 986 3450 Aristotele
1014 3386 1114 3471 agite-

142 3520 216 3588 tur3
241 3518 283 3599 ¹et
310 3500 365 3566 hic
394 3516 579 3590 praeterea,
618 3516 780 3590 quatenus
816 3503 878 3568 sihi
914 3504 1116 3573 innotescere

140 3639 288 3714 poterat,
313 3617 437 3684 nullam
457 3612 730 3708 philosophorum
757 3610 944 3688 doctrinam
970 3624 1115 3721 irrepre-

51 3818 54 3825 .
139 3740 275 3807 hensam
310 3736 454 3828 reliquit.
515 3737 586 3803 Hoc
613 3739 780 3828 ingenium
815 3739 925 3808 elucet
963 3746 1001 3809 iu
1038 3748 1114 3813 uni·

136 3883 228 3928 versa
250 3855 462 3951 philosophia
484 3856 687 3942 Aristotelis,
710 3882 819 3951 neque
847 3863 883 3927 in
909 3865 1015 3957 ipsius
1043 3865 1115 3959 pls·

138 3979 209 4046 citis
237 3995 386 4062 tantum,
409 3976 466 4046 sed
495 3992 663 4068 spectatur
685 3980 783 4049 etiam
813 3982 848 4046 in
876 3981 983 4053 forma
1010 3986 1115 4057 disse·
