2520 4672
700 326 740 392 76

234 561 302 604 rem
312 554 330 621 ‚¹
359 539 484 629 quippe
525 539 584 627 qui
619 539 660 602 ab
696 540 785 604 omni
821 539 1020 629 antiquitate
1058 558 1125 607 tum
1149 528 1227 606 nl!

232 659 305 748 ipso
326 654 498 723 Aristotele
519 655 664 724 Socrates
686 654 812 722 laudari
835 655 925 723 solet.
964 658 1109 724 Fortasse
1129 659 1225 749 Py*

234 776 381 859 thagoras
408 776 535 864 primus
553 778 799 860 -περὶεοὶρετῆς
835 774 936 857 dixit,
973 799 1053 842 voce
1080 775 1116 841 el
1141 800 1224 861 ge·-

233 892 336 959 nerali
357 893 589 978 significatione
614 891 779 974 adbibita,
803 912 903 982 quam
926 910 1038 983 postea
1060 894 1096 957 in
1118 893 1224 984 phi-

232 1010 377 1102 losophia
398 1014 579 1102 occupavit.
623 1013 784 1076 Nimirum
805 1011 914 1076 multis
930 1010 1094 1078 vocabulis
1108 1035 1225 1098 egre·-

231 1132 316 1217 giam
343 1128 510 1219 quandam
535 1130 600 1195 vim
627 1128 811 1195 conciliasse
835 1129 985 1214 videtur,
1015 1156 1118 1223 quam
1143 1156 1224 1198 rc-

231 1247 339 1335 ligiose
376 1248 577 1315 Graecorum
610 1247 819 1339 philosophia
855 1251 1001 1315 retinuit.
1060 1252 1108 1316 De
1144 1252 1224 1341 ip-

233 1391 269 1433 so
303 1370 461 1451 φιλόσοφος
494 1389 544 1431 res
581 1368 655 1431 satis
689 1366 771 1432 'nota
807 1384 856 1433 est
893 1365 962 1456 (l);
1009 1372 1224 1434 universum

232 1487 386 1551 mundum
426 1486 550 1575 primus
592 1486 771 1550 nominasse
814 1484 937 1550 dicitur
978 1492 1089 1569 κοσμόν
1132 1485 1186 1575 (2)

232 1629 300 1694 quo
329 1620 423 1670 antea
451 1620 578 1668 tantum
608 1603 686 1667 ordo
717 1621 750 1668 et
776 1614 916 1669 ornatas
944 1605 1218 1690 significabatur.

133 1808 137 1818 Ι
231 1724 388 1790 Universa
419 1721 551 1788 tandem
580 1723 682 1814 ipsius
714 1716 939 1813 philosophiae
970 1724 1054 1789 ratio
1085 1743 1217 1791 osteu-

231 1840 300 1923 dit,
331 1841 434 1906 multa
461 1841 560 1926 hujus
588 1842 708 1925 generis
736 1839 803 1906 sore
832 1859 982 1931 reperta,
1013 1844 1079 1907 nisi
1111 1861 1213 1910 tenr-

230 1985 350 2053 pornm
381 1963 501 2046 injuria
528 1962 667 2045 genuina
689 1964 757 2046 ejus
785 1978 996 2026 monumenta
1018 1959 1214 2027 delevisset.

231 2078 413 2148 Aristotelis
444 2079 549 2144 verbis
578 2080 622 2143 ita
651 2078 821 2146 intellectis
848 2079 1041 2170 Pythagoras
1068 2082 1214 2170 primus

230 2197 314 2266 dixit
337 2197 378 2264 de
405 2199 523 2264 virtute
545 2215 701 2288 tanquam
727 2197 765 2264 ed
788 2222 841 2281 re,
866 2198 950 2288 qud,
975 2223 1060 2289 quae
1079 2200 1214 2265 Ethicc

229 2319 317 2383 hona
338 2308 434 2397 sunt,
457 2318 666 2407 continentur
690 2318 815 2401 omnia3
840 2321 1015 2404 οὐνόρθῶς
1038 2320 1089 2399 δέ,
1113 2318 1212 2384 sub-

228 2439 301 2525 jicit
322 2453 451 2502 auctor:
483 2439 596 2522 οἷρετῶν
617 2436 725 2518 enim,
758 2459 841 2526 quae
866 2436 1029 2501 communi
1052 2445 1105 2520 τῆς
1126 2440 1214 2522 ἀρε·

228 2568 282 2643 τῆς
304 2559 434 2622 notione
458 2553 803 2645 comprehenduntur,
827 2558 880 2622 οὐκ
903 2557 1016 2623 οἰκείαν
1038 2561 1096 2639 τὴν
1118 2567 1220 2622 dm*
1246 2640 1249 2645 Ι

229 2680 299 2763 ρίαν
323 2682 498 2758 ἐποιήσατο,
530 2675 557 2738 si
585 2672 720 2763 quidem
747 2671 789 2737 ad
818 2697 968 2738 numeros
992 2697 1044 2738 eas
1066 2670 1217 2767 rotule-¹
1251 2722 1255 2731 .

228 2796 283 2859 rit.
337 2794 425 2859 Haec
462 2791 557 2884 plana
587 2791 692 2874 fiunt,
724 2794 751 2856 si
777 2810 964 2882 reputamus
990 2804 1224 2882 summopere

228 2912 385 2979 studuisse
434 2912 664 3001 Pythagoram,
709 2931 747 2978 ut
790 2936 952 2977 summum
990 2913 1228 3004 principium

228 3048 383 3099 statueret
410 3031 478 3120 (3),
509 3057 528 3094 a
554 3054 622 3129 quo
649 3054 716 3096 non
743 3027 809 3095 sola
835 3030 973 3120 Physica
1000 3029 1186 3120 disciplina
1204 3063 1227 3099 ν

217 3188 585 3203 ψ

258 3263 300 3330 (1)
320 3263 399 3329 Diog.
419 3260 510 3312 Laert.
530 3260 615 3314 Vlll.
634 3263 660 3313 8.
697 3261 791 3314 Cicero
809 3261 888 3315 Tusc.
907 3262 943 3332 Q
963 3261 999 3315 V.
1018 3266 1045 3315 3.

258 3345 300 3415 (a)
322 3343 458 3396 maara..
494 3346 527 3395 a.
564 3345 636 3398 pac.
670 3342 771 3396 rati...
801 3343 841 3395 11.
871 3332 997 3397 astos.
1022 3344 1085 3398 ret.
1115 3343 1236 3410 rar*

316 3445 343 3493 p.
362 3427 422 3477 450.
447 3426 558 3478 Haeren.
581 3429 669 3478 Anou.
686 3427 756 3494 apud
773 3424 851 3479 Phot.
871 3425 943 3490 Bibl.
960 3426 1029 3480 Cod.
1046 3430 1108 3482 259.
1145 3410 1235 3477 ΟΕ

318 3508 452 3577 Stanlejus
470 3511 503 3562 ad
523 3507 619 3562 Aesch.
640 3509 730 3577 Agam.
749 3511 775 3561 6.
800 3488 1235 3580 Menag.ad1)iog.1..v111‘

316 3596 360 3647 48.
402 3595 518 3647 Creuzer
546 3597 661 3649 Studien
693 3591 726 3645 T.
755 3593 777 3644 I.
811 3611 839 3659 p.
867 3592 926 3643 102.
972 3593 1115 3663 sophistae
1149 3589 1236 3645 Μ’ο

317 3679 527 3732 denominatione
550 3681 694 3749 plurimum
720 3678 760 3729 usi
776 3679 916 3732 videntur:
939 3696 965 3733 v·
986 3678 1114 3748 Xenoph.
1130 3670 1233 3733 Εἶθ’

315 3763 533 3814 mor.1.1.11.

255 3847 296 3916 (3)
317 3847 360 3897 Cf.
378 3844 522 3898 Jamblich.
543 3845 574 3897 C.
589 3847 631 3896 30.
652 3846 678 3911 0
696 3838 754 3896 1'82.
770 3845 855 3915 ἀρχὴν
873 3845 905 3896 dt
922 3846 1107 3906 ἀπεφαίνοντο
1125 3837 1230 3925 (1156,ε

316 3929 496 3999 ἀπεφαίνετο)
515 3929 543 3981 ἰν
558 3929 644 3981 παντὶ
662 3927 690 3980 ἕν
709 3948 737 3978 το
752 3932 806 3979 τῶν
823 3931 990 3991 τιμιωτάτων
1009 3922 1099 3993 εἶναι,
1117 3930 1229 3994 ὖμθν

1168 4005 1225 4049 dt
