2520 4672
206 483 347 608 &accos
375 562 392 603 a
419 533 553 626 reliquis
575 533 707 602 diversa
723 557 790 601 esse
811 533 937 625 coepit}
962 530 1067 624 qu'um
1087 500 1181 639 edim

205 660 315 750 parvis
343 654 561 724 civitatibus
551 671 638 720 mter
666 677 699 718 se
725 669 833 718 essent
855 650 1021 734 distincti,
1053 631 1180 737 singu-

204 775 252 843 los
279 775 426 842 homines
454 791 668 864 tyrannorum
695 772 863 861 oppressio
891 769 1027 836 vexabat
1049 769 1181 854 magis,

206 915 307 983 quam
327 891 375 955 ¹in
408 892 584 976 majoribus
602 892 606 899 ’
621 889 843 955 Orientalibus
872 888 978 973 regnis
986 935 1002 971 ,.
1025 887 1087 952 nbi
1114 887 1177 952 in-

204 1009 326 1079 vidiosa
357 982 583 1100 tyrannorum*
599 1006 780 1098 petulantia
805 1005 878 1071 auli
916 1006 1052 1072 maxime
1086 1029 1180 1072 con·-

202 1128 392 1195 sinebatur„
418 1149 422 1153 ·
446 1124 659 1199 Accedebant
693 1124 809 1212 plura:
846 1126 1037 1216 principum
1074 1148 1177 1191 arro-

204 1247 313 1333 gantia
332 1245 453 1330 'major
486 1267 586 1336 qnam
620 1261 778 1333 potestas,
821 1266 966 1309 crescens
1001 1239 1176 1309 literarum

96 1354 103 1373 '
202 1363 369 1446 studium,
390 1360 556 1448 religionis
578 1361 731 1430 vilescens
759 1362 954 1444 auctoritasJ
983 1358 1064 1444 alia3
1089 1361 1177 1450 qui·

201 1483 265 1549 bus
280 1481 443 1549 'effectum
472 1498 539 1564 est,
576 1500 614 1548 ut
649 1504 723 1546 cum
749 1481 873 1565 Regum
899 1483 1086 1570 pertaesum
1106 1502 1175 1544 ee-

202 1618 271 1685 set‚
306 1601 429 1669 Divina
455 1601 575 1667 horum
601 1599 804 1665 institutione
831 1606 898 1663 non
926 1596 1049 1663 diutins
1084 1597 1176 1662 reti-

204 1720 382 1801 nerentur,
407 1719 583 1809 quominus
603 1742 655 1784 eos
678 1719 848 1804 ejicerent:
872 1717 940 1782 imo
960 1712 1057 1781 simul
1073 1739 1112 1782 ac
1126 1713 1176 1780 li-

200 1839 313 1906 beram
338 1819 548 1927 Reipublicae
576 1834 712 1902 formam
736 1833 973 1916 condidissent,
996 1834 1174 1925 antiquam

119 1968 121 1973 '
203 1956 592 2045 auam·superstitionem
627 1956 755 2019 missam
795 1953 961 2031 lecerunt,
997 1952 1033 2018 in
1074 1953 1177 2039 Regia

161 2088 165 2095 '
198 2090 357 2172 potestate
394 2071 480 2138 nibil
519 2095 588 2138 non
622 2089 773 2139 terrestre
809 2069 1095 2162 deprehenderunt
1137 2089 1174 2139 et

200 2190 301 2259 solam
340 2193 469 2282 imperii
509 2190 664 2274 formam,
702 2215 785 2281 quae
827 2193 962 2276 ἰσονομίᾳ
997 2187 1065 2273 vel,
1102 2214 1176 2281 qne

200 2284 280 2377 baed
303 2311 495 2392 nitebatur‚.
512 2313 669 2397 ἴσοκρατίᾳ.
687 2309 735 2400 (l)
758 2308 894 2374 fundata
929 2324 1017 2391 erat,
1048 2311 1174 2395 justam

199 2452 267 2495 esse
294 2427 469 2496 duxerunt.
531 2429 645 2519 Quum
681 2446 789 2494 autem
827 2455 845 2493 a
881 2424 971 2514 jure
995 2429 1175 2494 constituto

198 2568 314 2632 magna
340 2571 379 2613 ex
400 2565 493 2638 parte
522 2549 625 2614 omnis
646 2549 725 2634 justi
748 2549 838 2614 notio
858 2545 1018 2638 penderet
1027 2552 1043 2630 ‚'
1062 2548 1176 2614 Grae-

200 2666 445 2732 ciservitutem
471 2684 643 2748 exuentes,
680 2640 786 2732 simul*
812 2667 921 2732 omnia·
954 2667 1014 2732 ista
1045 2666 1173 2752 injuste

123 2767 126 2773 .
199 2784 351 2849 arbitrari
386 2803 581 2874 coeperunt,
619 2809 701 2875 quae
739 2810 814 2851 cum
855 2785 1025 2878 tyrannide
1062 2805 1175 2855 essent

202 2903 387 2988 conjuncta.
432 2900 544 2988 Magni
565 2878 618 2970 bic
641 2906 797 2970 momenti
818 2923 866 2971 est
880 2903 1065 2973 Herodotea
1084 2931 1172 2972 nar·

201 3019 285 3087 ratio
311 3019 353 3086 de
382 3024 625 3106 conjuratorum
652 3024 821 3090 Persarum
842 3023 1077 3092 ‘deliberatione
1100 3027 1174 3116 (2),

202 3138 239 3202 in
267 3162 351 3227 qua,
380 3139 444 3208 sire
471 3164 545 3208 cunr
574 3142 735 3209 Creuzero
758 3142 805 3232 (3)
829 3141 925 3235 plane
945 3126 1064 3222 'fictam
1090 3167 1172 3210 sus-

204 3255 342 3346 piceris,
377 3256 442 3324 sive
478 3273 568 3326 cnm·
588 3261 748 3328 Heerenio
774 3261 822 3352 (l)
858 3285 925 3331 non
948 3261 1059 3328 fictam
1085 3263 1171 3352 qai-

234 3503 275 3570 (1)
295 3499 396 3551 Herod.
415 3496 454 3549 V.
469 3498 513 3550 92.

234 3584 274 3652 (2)
295 3582 395 3633 Herod.
416 3579 472 3631 lll.
491 3581 533 3631 80.
552 3597 610 3649 sqq.

234 3668 275 3734 (3)
296 3665 398 3717 Histor.
418 3664 505 3716 Kunst
523 3664 570 3715 der
589 3663 724 3718 Griechen
741 3685 769 3734 p.
790 3668 849 3718 108.

233 3748 273 3816 ll)
293 3746 377 3798 ldcen
394 3764 462 3802 vers.
478 3743 550 3815 Belg.
569 3746 602 3797 Τ.
622 3747 645 3800 Ι.
663 3767 689 3815 p.
705 3750 781 3815 1107„
808 3749 877 3800 Cum
895 3748 978 3801 celeb.
993 3749 1054 3800 viro
1070 3748 1176 3815 credo,

122 3832 128 3841 ”
291 3830 432 3896 quominus
463 3828 615 3899 hujusmodi
642 3832 858 3885 deliberationem
889 3849 943 3883 nou
971 3829 1089 3885 habitem
1118 3852 1177 3887 enee

291 3928 486 3980 supponamus,
509 3931 656 3982 expressam
684 3915 815 3968 Herodoti
838 3915 1042 3970 declarationem
1061 3921 1181 3981 vetare,

1093 4016 1209 4075 (μω.
