2520 4672
602 276 678 393 'rar

579 452 591 481 Ι

192 535 380 624 sitimque
406 535 511 620 justus
538 522 655 617 homo,
679 533 738 624 qui
765 535 809 601 ita
833 535 1026 604 constitutus
1053 556 1118 623 est,

146 671 188 725 ut
216 651 308 721 nulli
335 654 399 720 sive
427 652 614 719 dominante
639 653 688 719 irt
712 654 776 721 eive
799 653 955 740 flagrante
984 658 1117 748 cupidi-

146 791 217 845 tate
241 772 472 865 prohibeatur,
506 796 573 864 quo
599 774 706 839 minus
732 774 852 841 intueri
878 777 984 865 ipsum
1011 783 1045 842 τὸ
1072 780 1117 846 δι’·

145 920 239 960 καιον
273 909 308 959 et
340 889 498 958 imitando
527 892 708 982 exprimere
735 909 881 960 conetur.
925 892 979 961 sic
1007 918 1119 963 rursus

146 1010 325 1098 dejicimur
360 1013 397 1077 in
430 1008 660 1077 difficultatem
694 1009 807 1094 illam,
843 1035 942 1100 quam
977 1011 1117 1105 Platonis

145 1129 318 1197 doctrinae
337 1129 505 1197 inhaerere
531 1130 756 1219 querebamur.
801 1130 879 1219 Quo
901 1130 998 1198 modo
1020 1132 1118 1201 homo

146 1251 267 1316 certior
290 1248 349 1332 fit,
371 1265 485 1315 utrum
510 1246 636 1331 ideam,
658 1250 694 1313 in
713 1249 779 1338 qui
806 1247 874 1315 soli
899 1252 1021 1336 justitia
1043 1277 1117 1320 vere

143 1371 253 1452 inest,
289 1386 378 1437 recte
410 1369 579 1435 imitetur?
638 1368 816 1458 Appetitur
849 1368 982 1458 quidem
1014 1373 1115 1440 ratio-

144 1485 231 1555 nalia
268 1487 356 1555 eirca
383 1511 423 1555 ea
440 1493 441 1496 ’
457 1504 523 1570 est,
562 1512 645 1579 quae
680 1489 799 1553 notari
835 1489 893 1554 sui
921 1514 995 1557 vere
1030 1493 1117 1558 bona

135 1592 245 1677 ¹sunt:
269 1605 350 1675 haec
374 1623 481 1673 autem
505 1623 600 1674 antea
623 1607 749 1692 cognita
770 1630 836 1672 esse
859 1605 983 1682 debent
1003 1633 1115 1676 recor-

143 1696 257 1793 dantis
273 1726 391 1793 mentis
414 1724 592 1795 functione.
632 1724 726 1814 Quid
742 1727 804 1793 erit
825 1727 1013 1794 criterium?
1050 1729 1114 1813 At,

142 1839 240 1913 dicet
256 1845 312 1913 hic
331 1843 464 1912 sortasse
481 1844 619 1935 aliquis,
640 1843 749 1911 studes
768 1843 999 1929 difficiliorem,
1018 1872 1117 1937 quam

102 2014 104 2017 -
143 1980 280 2056 oportet
306 1988 470 2054 quamque
499 1965 569 2054 ipse
597 1961 690 2037 Plato
715 1962 835 2049 voluit,
860 1963 1007 2033 idearum
1033 1966 1114 2033 red-

143 2081 228 2151 dere
255 2079 586 2174 contemplationem:
616 2084 764 2150 universa
792 2101 863 2151 tum
888 2085 1023 2151 civitatis
1046 2078 1128 2153 tum

141 2202 289 2269 hominis
322 2203 510 2271 constitutio
544 2201 708 2292 specimen
746 2203 896 2293 praebet,
923 2227 1008 2293 ,quo
1039 2227 1114 2269 mo-

142 2319 193 2391 do
230 2320 273 2390 ad
315 2321 515 2412 quaestiones
543 2321 702 2411 practicae
744 2319 928 2412 applicetur
967 2321 1116 2390 idearum

142 2439 292 2509 theoriae
315 2425 393 2506 ειιυὶ
419 2457 454 2506 et
481 2440 590 2507 clvitas
617 2456 651 2506 et
678 2439 775 2505 homo
797 2439 838 2505 ad
861 2439 1007 2506 divinum
1025 2432 1120 2528 justi

136 2561 329 2650 exemplum
366 2560 546 2652 compositi.
600 2558 784 2627 Videamus.
829 2560 891 2625 Per
918 2584 951 2626 se
980 2560 1117 2652 quidem

141 2677 241 2770 patet
273 2677 442 2748 Platonem
477 2680 513 2743 iu
547 2680 637 2753 omni
663 2679 726 2745 hac
764 2678 983 2770 disputatione
1021 2705 1117 2748 usum

139 2822 215 2875 ease
249 2797 348 2882 ideis,
377 2799 443 2869 sive
472 2800 561 2865 εἴδεσι
579 2798 720 2888 potius,
753 2800 978 2865 communibus
1006 2824 1116 2868 rerum

133 2890 354 3002 motionibus,
372 2919 444 2985 siue
459 2919 581 3009 quibus
600 2942 642 2991 ne
659 2915 726 2983 olla
743 2919 894 3003 cogitatio
910 2918 1045 3009 quidem
1060 2917 1113 2987 lo-
1201 2998 1205 3008 Ι

118 3028 120 3032 ’
141 3062 224 3131 eum
238 3037 345 3106 habet.
382 3036 449 3106 Sed
465 3062 561 3120 cave,
575 3061 616 3104 ue
636 3063 687 3104 eas
706 3063 781 3105 cum
798 3037 950 3129 perfectis
971 3035 1114 3103 confun-

141 3155 206 3222 das
220 3148 411 3247 ⁵speciebus7
431 3137 653 3248 quaementi,
678 3158 719 3222 ob
738 3155 879 3224 divinam
895 3159 995 3247 ipsius
1013 3157 1112 3244 origi-

138 3298 243 3359 nem,
267 3278 380 3342 insunt
394 3277 452 3369 (l).
490 3275 599 3343 Credo
619 3277 715 3366 etiam
728 3277 852 3368 saepius
871 3276 1010 3342 indicari
1023 3294 1133 3342 notas·

140 3394 410 3489 quasdam‚quas
424 3397 460 3462 in
474 3396 584 3494 divim
596 3417 674 3483 Jusu
687 3397 794 3487 specie
804 3393 896 3463 Plato
909 3395 1113 3482 agnoscebat,

136 3541 174 3586 v.
194 3532 371 3583 erraturae
385 3516 537 3582 omnibus
550 3512 644 3582 simii]
658 3512 886 3607 prospicientis
903 3514 972 3603 (2),
995 3513 1115 3602 cuique

173 3855 221 3925 (ι)
240 3852 462 3917 commuta·
481 3853 613 3906 latmo.
631 3871 660 3923 p.
678 3853 711 3903 27
730 3820 809 3921 sqq(

173 3936 220 4008 (2)
240 3936 308 4006 Rep.
334 3936 384 3999 tv,
408 3938 469 3988 1220.
493 3938 523 3990 B.
550 3956 609 4008 sqq.
636 3936 671 3993 V·
691 3939 751 3995 466.
770 3937 804 3989 Α.
832 3935 900 3991 VH.
924 3937 983 3988 519.
1006 3933 1039 3986 Ε.
1076 3934 1119 3989 Cf.
1153 4012 1155 4021 Ι

240 4019 320 4089 Legg.
340 4020 396 4091 1711.
414 4021 475 4071 693.
495 4020 533 4071 D.
563 4019 614 4075 lv.
633 4022 692 4072 715.
711 4018 742 4071 Β.
