2520 4672
602 341 660 408 195

136 555 262 644 (κρᾶσιν
288 549 432 645 appellat
453 547 561 642 Plato)
591 553 782 618 observatur
803 547 908 617 divini
939 545 1024 612 illius
1048 569 1108 615 ex·-

138 669 263 764 empli,
287 669 369 762 quid
401 647 567 739 intuemur
589 687 623 736 et
643 668 803 736 imitando
827 667 1008 759 exprimere
1035 684 1109 733 stu-

137 788 256 855 demus
279 790 448 882 ipsiusque
475 791 608 857 actionis
629 790 762 875 objecti.
808 789 902 854 Hane
924 787 1111 853 mixtionem

136 907 313 975 adumbrat
339 907 554 1002 philosophus
583 909 617 973 in
644 906 782 973 Philebo
806 906 1016 997 praesertim,
1046 928 1109 997 cu-

136 1030 192 1114 jus
220 1024 337 1114 dialogi
363 1025 529 1095 conclusio
559 1025 696 1117 quidem
723 1025 784 1092 etsi
814 1023 898 1090 forte
929 1047 998 1090 non
1027 1021 1120 1088 sun-.

136 1145 332 1211 dementum
352 1143 503 1212 habenda
522 1145 564 1209 tit
586 1141 813 1235 philosophiae
835 1140 1017 1210 Platonicae
1034 1165 1108 1209 mo·
1169 1207 1172 1215 ,

88 1291 91 1295 ·
134 1262 213 1328 ralis
244 1264 320 1352 (1),
358 1278 561 1330 tota·tamen
593 1261 822 1353 disputationis
848 1263 949 1346 ratio,
980 1263 1007 1327 si
1035 1285 1111 1328 cum

136 1379 268 1472 reliqui
292 1379 445 1448 'Platonis
482 1379 657 1472 disciplina
700 1397 932 1472 comparatur,
966 1378 1110 1463 indicat,
1147 1380 1153 1386 ’

137 1500 178 1567 ni
211 1497 324 1583 fallor,
363 1499 519 1584 modum,
556 1523 623 1590 quo
662 1501 761 1567 etiam
801 1501 839 1565 in
873 1499 989 1566 ethicis
1025 1523 1110 1589 pro·

136 1615 324 1704 gradiamur
356 1643 485 1687 necasse
519 1635 587 1685 este
625 1635 665 1686 ut
691 1642 830 1710 nempe,
863 1615 964 1686 veluti
991 1617 1122 1684 mundi·

135 1735 248 1828 opifex
275 1738 355 1806 buic
382 1725 530 1804 ordinem
557 1762 596 1804 ac
619 1736 879 1828 pulcritudinem
905 1735 1035 1802 addidit
1061 1736 1107 1802 fi·
1152 1821 1156 1827 ι

139 1857 203 1923 niti
224 1876 322 1947 atque
347 1854 470 1923 infiniti
496 1857 670 1939 mixtione,
701 1855 848 1924 similiter
871 1858 955 1924 ritae
981 1873 1109 1923 nostrae

136 1998 252 2042 verum
274 1965 385 2059 κόσμον
409 1973 612 2040 adstruamus
638 1974 686 2065 (2)
708 1991 797 2042 recta
822 1973 1023 2042 instituendi
1050 1999 1107 2042 ra-

126 2095 227 2160 ·tione
261 2110 360 2186 atque
396 2091 478 2160 adeo
508 2092 674 2187 operandi
706 2093 833 2160 lusione
860 2117 992 2176 eorum,
1025 2114 1109 2185 quae

137 2213 233 2280 nobis
274 2211 397 2299 agenda
437 2213 612 2279 obveniant
648 2222 683 2278 et
708 2228 933 2301 praetereant,
953 2235 1110 2302 semper,-
1184 2218 1194 2241 ⁸

138 2354 218 2400 oum
235 2331 332 2418 justo
358 2329 432 2415 illo,
456 2329 548 2423 quod
573 2328 773 2397 immutabile
798 2347 846 2397 est
873 2347 905 2397 et
931 2347 1109 2399 aeternum.

138 2451 218 2540 Qua
239 2452 362 2517 ratione
384 2447 506 2518 scilicet
526 2448 618 2516 Plato
639 2448 840 2536 intelligebat
866 2450 954 2517 hanc
975 2451 1108 2518 mixtio·
1148 2500 1150 2507 ·

136 2590 234 2652 nem,
271 2585 363 2661 patet
393 2595 411 2637 e
437 2570 638 2661 praeceptis,
671 2594 754 2660 quae
780 2570 879 2654 hujus
907 2567 1108 2636 ordinandae

87 2749 90 2756 .
136 2689 246 2774 gratia,
270 2705 427 2757 numerat
464 2689 536 2780 (3)3
572 2711 640 2779 quo
666 2686 729 2753 illis
756 2687 855 2754 modo
887 2687 929 2753 ad
957 2688 1107 2774 gravissi·

137 2831 209 2873 mas
249 2831 397 2900 quasque
439 2808 642 2899 quaestiones
682 2805 892 2873 illustrandas
931 2809 1108 2892 utebatur,
1159 2848 1161 2851 ·

135 2924 289 3018 exemplo
314 2920 363 2994 ast
389 2928 559 3029 uniuersa,
583 2930 676 3014 eujus
706 2951 782 3014 ergo
807 2927 995 2993 institutum
1024 2950 1106 3017 per-

136 3045 274 3112 bihetur
305 3056 399 3113 omne
418 3044 628 3138 colloquium
657 3046 726 3137 (4),
763 3045 941 3137 disputatio
976 3043 1017 3111 de
1043 3044 1110 3112 rita
1217 3106 1220 3119 ,

136 3166 251 3248 boam,
281 3188 364 3256 qaae
388 3164 540 3253 videlicet
562 3167 746 3252 conjunctis
769 3183 895 3232 constat
920 3164 970 3255 (5)
995 3164 1113 3231 scien-⁶

136 3284 314 3375 til,·quae
333 3285 452 3353 eorum
474 3305 540 3372 est,
563 3309 647 3378 quae
678 3308 751 3354 vere
779 3302 856 3385 sunt
887 3285 958 3373 (6),
989 3301 1022 3350 et
1045 3306 1105 3353 vo·

166 3617 212 3686 (1)
234 3597 377 3665 nebat.
397 3612 416 3664 1.
436 3612 475 3664 11.
495 3611 550 3664 111.
570 3613 630 3663 215.

163 3702 210 3770 (2)
233 3695 277 3749 ct.
295 3696 379 3767 Gorg.
398 3697 458 3748 aot.
477 3695 511 3748 a.
530 3698 589 3749 soa.
610 3697 644 3748 A.

163 3782 211 3851 (s)
233 3777 277 3830 cf.
296 3775 400 3831 nutat.
419 3774 462 3829 cr.
480 3760 590 3846 nsqqfi

163 3863 211 3932 (t)
235 3857 342 3926 altrea.
362 3861 403 3911 11.
424 3858 453 3910 a.
472 3857 504 3911 c.
524 3860 564 3910 19.
584 3857 685 3910 c-r.

161 3946 209 4016 (s)
233 3939 338 3994 Philet.
357 3942 399 3994 zo.
418 3945 450 3998 n.
468 3944 510 3993 21.
530 3942 565 3994 a.
583 3944 627 3996 22.
646 3944 680 3996 a.
698 3944 740 3994 sa.
759 3935 796 3994 1).
816 3938 848 3992 u.
861 3941 909 3991 ao.
930 3935 1020 3989 Μ.

160 4029 208 4100 (ε)
232 4024 566 4098 chirotecarum
618 4082 622 4089 ,
