2520 4672
596 317 661 384 296

149 553 205 594 rus
233 527 281 618 (Ι)
317 544 351 594 et
382 527 587 612 taminsigni
612 524 771 592 librorum
799 525 893 616 copia
917 525 984 617 (2),
1015 550 1111 615 quam

148 671 263 732 magno
302 645 539 737 discipulorum
573 669 710 711 numero
745 643 792 734 (3)
837 668 899 734 per
933 645 1111 712 universam

149 766 319 833 Graeciam
359 766 559 855 propagavit.
603 765 780 829 Praeterea
806 761 946 829 multum
969 761 1109 854 amplifi-

149 886 233 951 cavit
260 902 293 949 et
319 882 503 970 emendavit
525 884 790 951 honorationem
815 880 981 972 voluptate
1006 882 1110 947 omnia

146 1006 347 1085 metientem,
378 1021 427 1086 et,
460 1020 497 1067 ut
518 1000 646 1092 reliqua
671 1003 877 1084 reticeamus,
901 1024 940 1066 eo
966 997 1111 1067 reddidit

145 1120 415 1213 probabiliorem,
440 1118 530 1211 quod
552 1142 620 1185 non
647 1121 682 1184 in
710 1137 798 1206 grata
821 1142 1021 1209 quacunque
1032 1141 1108 1182 scn-

143 1265 238 1306 suum
277 1239 440 1307 affectione
475 1236 703 1328 philosophiae
738 1238 840 1303 finem
874 1239 1019 1328 ponebat
1052 1234 1105 1303 sed

143 1358 276 1423 firmum
309 1356 499 1447 requirebat
530 1375 561 1423 et
591 1355 760 1447 placidum
787 1357 886 1422 animi
917 1374 1059 1439 statum,
1090 1381 1107 1421 a

143 1478 296 1544 continua
326 1473 497 1566 voluptatis
524 1477 733 1565 perceptione
763 1492 797 1540 et
824 1475 985 1544 vacuitate
1007 1471 1102 1559 dolo·

140 1597 183 1662 ris
195 1593 388 1691 profectum
409 1591 467 1683 (4).
703 1578 707 1582 ⁶

183 1831 427 1927 Philosophiam
452 1832 617 1923 Epicurus
648 1830 799 1898 delinivit
828 1833 982 1919 ἐνέργειαν
1010 1829 1103 1911 λόγοις

140 1956 191 2017 καὶ
220 1953 422 2036 διαλογισμοῖς
444 1955 498 2018 τὸν
524 1953 689 2030 εὐδαίμονα
716 1953 785 2039 βίον
807 1954 1019 2036 περιποιοῦσαν
1043 1946 1100 2035 (ὅ).

141 2068 195 2136 Ab
233 2070 391 2136 universa.
418 2070 516 2155 igitur
551 2066 758 2159 philosophia
784 2066 870 2133 idem
892 2066 1102 2165 exposcebat,

140 2185 232 2278 quod
267 2185 401 2279 plurimi
435 2184 626 2279 philosophi
658 2187 720 2253 sihi
755 2162 950 2276 disciplinae¹
982 2162 1104 2253 moralis

139 2323 306 2397 tamquam
326 2304 433 2396 'finem
458 2323 711 2397 proposuerant.
754 2307 798 2371 Et
828 2329 957 2388 revera,
987 2328 1103 2371 secun-

139 2423 220 2490 dum
242 2424 343 2515 ipsius
370 2424 508 2513 Epicuri
535 2424 750 2507 sententiam,
784 2421 851 2490 sola
873 2423 1005 2491 ,Ethica
1039 2437 1104 2505 est,

140 2548 231 2630 cujus
255 2541 364 2608 studio
386 2543 532 2609 eximiam
550 2541 698 2609 homines
721 2565 837 2610 navare
851 2564 983 2631 operam
1002 2563 1103 2630 opor-

138 2680 214 2728 teat.
268 2660 421 2751 Reliquae
457 2659 668 2751 disciplinae,
703 2659 875 2729 Dialectica
910 2661 979 2748 (6),
1015 2663 1105 2745 cujas
1135 2734 1138 2739 ,

141 2804 211 2847 cam
235 2770 478 2845 tamtummodo
494 2779 658 2869 Epicurus
680 2780 815 2847 retinuit
840 2796 986 2870 partem,
1024 2794 1142 2869 qnam?

131 2999 140 3011 ⁸
172 2991 212 3061 (1)
232 2988 365 3058 Epicurus
381 2995 480 3054 autem,
501 2990 564 3059 qui,
585 2997 613 3040 ut
627 2997 720 3043 notum
738 2997 794 3055 est,
813 2990 925 3041 neminis
937 3007 1026 3059 neque
1035 2989 1112 3043 insti·

232 3074 329 3126 tutioni
353 3091 440 3141 neque
472 3074 626 3140 disciplinas
652 3074 754 3141 aliquid
778 3091 806 3125 se
833 3074 930 3126 debere
960 3068 1112 3142 profitebe-
1135 3066 1138 3071 ¹

229 3164 291 3221 tur,
316 3173 482 3225 nequaquam
506 3156 637 3224 Aristippi
658 3156 805 3213 doctrinam
824 3156 988 3223 amplificare
1007 3176 1071 3226 pras
1083 3176 1110 3213 ss

229 3238 349 3301 ferebat,
369 3238 415 3288 sed
433 3243 600 3288 contraeunt
620 3237 730 3307 reliquis
747 3235 917 3305 philosophis
933 3238 962 3289 in
980 3238 1112 3309 Cyrenai·
1146 3290 1150 3295 .

231 3339 278 3374 cos
291 3318 477 3374 invehebatur.
500 3320 542 3372 cf.
554 3315 632 3390 Diog.
647 3320 681 3372 L.
693 3321 728 3373 X.
745 3323 771 3373 8.
791 3338 845 3390 quo
862 3322 964 3374 seilicet
981 3322 1043 3375 loco
1059 3340 1111 3392 pro

229 3406 400 3472 Κυζικηνοὺς
419 3407 483 3457 scite
504 3405 654 3458 Gassendus
670 3407 788 3472 reposuit
804 3405 1007 3476 Κυρηναϊκοὺς.
1025 3406 1112 3461 CMQ

229 3489 296 3543 Vita
311 3497 339 3540 et
354 3487 425 3539 Mor.
444 3488 521 3556 Epic.
538 3488 572 3545 1..
582 3487 618 3542 V.
635 3487 667 3540 C.
678 3490 704 3541 3.
721 3489 751 3540 in
767 3487 898 3541 Gessend.
917 3485 995 3556 Opp.
1024 3487 1111 3559 Lugd.

230 3576 306 3625 1658.
324 3571 357 3623 T.
376 3570 413 3623 V.
432 3591 459 3638 p.
477 3570 539 3622 208.
634 3605 637 3609 ψ
702 3584 704 3589 “

169 3661 209 3728 (2)
230 3659 311 3724 Diog.
330 3654 363 3706 L.
384 3653 407 3705 l.
427 3655 468 3704 16.
488 3652 524 3704 X.
542 3652 586 3705 26.

169 3746 210 3811 (3)
230 3742 311 3808 Diog.
329 3738 364 3790 1..
383 3739 419 3790 X.
438 3741 463 3789 9.
492 3738 549 3790 Cic.
568 3737 601 3789 de
618 3738 678 3789 Fin.
698 3736 721 3788 I.
742 3737 775 3800 t,
795 3735 839 3786 20.

171 3827 211 3893 (1)
232 3823 312 3890 Diog.
331 3821 364 3871 L.
384 3820 420 3871 X.
440 3820 596 3885 l28,.l3l,
617 3823 675 3871 136.
711 3819 768 3872 Cic.
789 3818 872 3870 Aead.
892 3818 937 3870 Pr.
957 3817 1000 3870 11.
1018 3818 1063 3872 42.

169 3910 209 3976 (5)
231 3905 305 3960 Sext.
324 3904 402 3973 Emp.
420 3908 481 3960 adv.
499 3903 585 3957 Mella.
605 3904 657 3957 XI.
677 3907 734 3958 169.

167 3992 209 4059 ’(6)
230 3986 304 4043 Sext.
322 3988 401 4058 Emp.
420 3991 480 4047 adv.
498 3986 583 4043 nath.
603 3986 672 4043 Vll.
692 3986 734 4040 15.
752 3986 845 4056 ibique
862 3987 968 4040 Fsbric.
