2520 4672
508 319 656 414 fn

147 539 272 604 minuat
298 537 356 605 vel·
374 538 556 628 opprimat,
590 539 751 624 injustum
781 555 850 623 est3
874 536 956 605 ⁴non
983 540 1097 631 impio

146 655 294 722 handum
320 654 424 738 adeo,-
449 655 539 745 quod
567 656 702 739 Ethicae
733 658 932 747 contrarium
954 666 1023 745 este
1053 656 1102 725 sed

147 773 334 854 arcendum
346 776 473 869 potius,
497 773 588 865 quod
604 774 792 841 relationem
813 776 928 864 vitiat,⁴
947 786 1032 866 quae
1054 778 1102 844 iu-

69 889 72 896 ’
147 911 198 959 ter
219 892 363 959 homines
390 892 454 959 sola
482 918 751 984 unumquemque
779 893 856 960 sinit
882 893 998 961 eodem
1027 910 1106 961 tem-

146 1037 225 1102 pore
255 1012 292 1076 in‘
308 1057 310 1061 ψ
322 1029 411 1098 grata
438 1010 627 1097 conditione
649 1014 785 1079 versaris
824 1032 937 1080 utrum
966 1011 1110 1079 consulto

146 1130 270 1199 factum
289 1133 348 1213 sit,
379 1155 441 1196 nec
462 1155 521 1212 ne,
554 1155 622 1196 non
645 1133 833 1221 quaeritur:
865 1133 979 1221 utique
1002 1132 1108 1217 injus-

147 1269 219 1317 tum
252 1267 309 1315 est.
358 1250 475 1338 ‘Quam
514 1250 612 1335 igitur
648 1251 826 1314 communis
860 1247 971 1315 salutis
1010 1249 1110 1335 gratia

145 1391 283 1460 poenam
310 1368 346 1431 in
372 1391 424 1434 eos
454 1368 705 1449 constituerant,
739 1369 798 1458 qui
819 1365 1019 1433 facinoribus
1047 1367 1125 1432 suis'

146 1486 302 1554 societatis
332 1483 433 1572 legem
459 1483 646 1569 violassent,
683 1484 838 1568 eandem,
876 1488 936 1576 qui
961 1487 1058 1554 inviti
1081 1503 1113 1552 et

147 1609 206 1696 qui
243 1605 384 1673 volentes
419 1621 653 1695 peccaverant,
693 1605 764 1695 pati
805 1602 988 1670 debebant:
1028 1605 1111 1694 quin

146 1725 211 1790 imo
237 1724 335 1808 hujus
360 1722 480 1807 judicii¹
500 1725 666 1810 integritas
694 1739 760 1789 tam
782 1721 845 1788 fixe
868 1724 1015 1788 omnium
1037 1725 1111 1788 ani-

146 1844 205 1908 mis
230 1841 438 1923 inhaerebat,
468 1840 595 1907 utnon
622 1843 720 1928 magis
751 1843 809 1908 hos
835 1839 1028 1933 quam-illos
1051 1844 1109 1934 ip-

147 1944 256 2026 sorum
289 1960 433 2024 Deorum
465 1960 566 2043 iram,
587 1961 732 2050 ‘quippe
759 1961 900 2046 justitiae
926 1959 1109 2044 vindicem,

145 2078 301 2169 prosequi
321 2077 567 2144 arbitrarentur.
585 2123 589 2131 ·
611 2078 921 2162 Notum·est‚;huic
942 2080 1110 2169 opinioni,

147 2222 237 2288 quae·
251 2188 378 2280 totam,
416 2221 499 2287 quae
534 2195 650 2263 sabulis
688 2195 1112 2289 eontinetuwantiquitag·

147 2319 231 2399 tem,
261 2314 456 2406 perlustrat,
488 2340 587 2406 quam
607 2318 745 2403 insignia
758 2312 1007 2404 artis3tragicae
1034 2314 1110 2393 moss

145 2451 301 2501 numento
322 2434 520 2518 debeantur,
545 2460 627 2526 quae
651 2429 692 2500 ad
717 2434 1025 2504 commiserationem
1044 2432 1111 2505 ho-

145 2557 271 2621 minum
299 2554 562 2622 commovendam
592 2555 641 2619 nil
667 2551 1115 2647 accommodatius'proferre

145 2691 291 2765 poterat,
324 2698 425 2764 quam
457 2673 594 2739 hominis
627 2691 758 2765 praeter
793 2670 1117 2742 suamvoluntatem

111 2806 120 2859 .'
146 2793 279 2878 injusti,
314 2793 448 2881 Diisque
481 2793 596 2882 perosi
621 2784 801 2879 imaginem.
842 2791 1017 2884 Oedipus,
1051 2795 1115 2861 etsi

23 2991 26 2998 Ι
129 2935 223 2977 casu
252 2909 386 2977 fortuito
412 2934 469 2976 seu
494 2908 553 2976 fati
581 2913 768 2978 necessitate
795 2910 837 2977 ad
864 2913 965 3002 patris
993 2936 1116 2979 necem

146 3048 179 3097 et
214 3033 323 3097 matris
362 3032 563 3097 connubium
597 3029 768 3113 inductus,
809 3055 842 3097 se
876 3028 1022 3122 appellat
1058 3038 1116 3103 τὸν

35 3133 38 3139 ¹
145 3159 287 3221 aduncum
308 3154 407 3239 ἄνδρα
429 3150 477 3240 (l)
499 3167 532 3217 et

350 3308 354 3318 ·
430 3276 483 3338 nia
504 3271 630 3356 ὄλςθροο
651 3272 768 3352 μέγαν,

431 3393 484 3456 τὸν
507 3393 769 3475 καταροτότοτοο,

430 3510 474 3572 ἔτι
497 3509 529 3572 δὲ
553 3513 708 3580 nordwic

433 3632 614 3712 ἐχθρότατον
637 3631 763 3714 βροτῶν.
787 3624 835 3712 (2)

175 3930 220 3997 (1)
240 3927 324 3998 Soph.
343 3927 411 3982 Oed.
429 3929 461 3979 lt.
481 3946 518 3983 vs.
540 3929 618 3979 1433.

84 4050 91 4061 .
176 4011 458 4082 (2)Va.134¹r.sqq.
