2520 4672
617 331 711 397 243'
798 393 803 401 ,

152 542 261 609 rendi.
305 542 407 632 Saepe
431 541 489 624 lit,
513 558 550 611 ut
570 564 646 609 eum
668 541 828 610 rationem
851 545 918 628 jam
940 547 1129 636 praeserip-

147 663 249 744 serit,
287 687 354 752 qua
390 661 557 730 materiem
591 658 734 750 aliquam
770 656 910 729 tractare
947 665 1010 753 sihi
1045 690 1127 755 pro-

149 783 330 872 posuisset,
373 783 410 846 in
451 782 657 871 repentinam
699 778 866 871 quandam
902 780 1029 847 incidat
1065 781 1147 879 ali-¹
1181 831 1183 836 .
1246 828 1249 834 «

145 905 242 988 eujus
269 899 384 992 placiti
413 900 768 982 commemorationem,
805 924 843 969 ao
881 902 975 990 quasi
1005 902 1127 994 invitus

144 1021 183 1084 in
210 1019 319 1085 media
346 1021 396 1087 via
422 1016 597 1085 consilium
623 1035 730 1086 mutet
753 1018 814 1108 (l).

193 1137 273 1204 sed>
298 1139 339 1203 ab
378 1135 478 1203 altera
507 1154 601 1227 parte
630 1134 724 1226 decet
751 1145 843 1222 grato
869 1139 978 1204 animo
1004 1142 1123 1226 ingen·

147 1273 217 1322 tem
243 1256 451 1349 perpendere
487 1255 677 1340 utilitatem,
715 1281 798 1346 quae
835 1281 874 1325 ex
910 1257 1023 1323 eadem
1063 1258 1126 1327 hac

147 1401 246 1443 oausa
280 1376 457 1467 sapientiae
495 1374 604 1443 studio
636 1375 804 1465 profluxit.
850 1376 920 1464 Qui
951 1378 1038 1443 enim
1064 1401 1123 1449 su·

117 1484 315 1586 ‘pariorum
346 1492 618 1584 philosophorum
651 1510 744 1560 acute
780 1517 904 1561 errores
932 1492 1122 1585 deprehen·
1156 1563 1157 1567 ,
1243 1556 1245 1560 ,

144 1611 259 1695 deret,
296 1637 499 1704 summopere
529 1614 629 1695 cavit,
666 1636 708 1677 ne
745 1612 934 1688 eorumdem
969 1616 1123 1682 vitiorum

145 1756 222 1799 reus
246 1731 419 1815 evaderet,
451 1750 486 1801 et
521 1734 557 1797 in
582 1729 692 1802 multis
722 1730 808 1797 adeo·
829 1733 927 1799 rebus
953 1733 1016 1799 sibi
1039 1757 1120 1822 pos-

144 1853 291 1943 terisque
331 1876 450 1921 novam
490 1876 529 1918 ac
564 1850 818 1941 probabiliorem
852 1852 937 1924 viam
970 1852 1120 1920 munivit.

144 1972 219 2039 Hoc
260 1972 420 2062 imprimis
459 1972 523 2062 ipsi
563 1968 760 2060 displicebat
801 1971 837 2035 in
874 1987 1021 2040 veterum
1049 1970 1121 2042 dis·
1226 2020 1231 2026 .

143 2090 396 2181 quisitionibus‚
424 2088 516 2180 quod
543 2078 746 2175 singularum
773 2087 1026 2180 disciplinarum
1053 2114 1122 2157 nou
1185 2159 1188 2165 ,

130 2210 221 2285 ‘satis
249 2208 391 2277 diversas
423 2207 650 2300 disposuerant
676 2209 834 2291 rationes,-
864 2211 975 2298 itaque
1002 2211 1122 2282 mirum

140 2329 179 2394 in
225 2327 362 2395 modum
409 2329 685 2396 conturbaverant
725 2329 794 2401 veri
829 2328 1131 2412 investigationem:t

143 2447 323 2518 Acciderat
358 2448 423 2515 hoc
460 2446 627 2541 duplicem
663 2449 706 2514 oh
738 2450 886 2529 causam,
926 2427 1060 2517 alteram
1085 2449 1122 2519 in

125 2569 372 2662 ,disputationis
405 2586 495 2636 recte
530 2567 730 2635 ordinandae
759 2568 835 2635 artis
862 2564 994 2632 defectu
1027 2565 1119 2654 posi-
1186 2638 1192 2649 ,

144 2705 232 2772 tam,
267 2687 402 2754 alteram
435 2690 472 2753 in
505 2688 618 2775 ¹studio
649 2685 923 2779 philosophorum
950 2674 1018 2751 uno
1044 2709 1118 2752 om·

142 2831 222 2873 nem
249 2793 435 2905 doctrinam
469 2823 503 2872 et
520 2778 701 2897 ⁶physicam
727 2823 761 2872 et
795 2806 935 2872 ethicam
962 2829 1117 2894 compre-

141 2924 313 2993 hendendi
353 2926 532 3019 principio.
591 2923 781 2993 Aristoteles
817 2949 885 3015 quo
920 2925 1020 3010 magis
1054 2925 1119 2991 hoe
1173 2998 1174 3002 ,

140 3045 291 3111 studium
323 3046 522 3136 improbavit
550 3045 765 3136 (improbavit
801 3063 910 3115 autem
936 3043 1115 3115 vehemen-

139 3166 280 3232 tissime:
313 3164 393 3230 hinc
425 3163 804 3255 Pythagorae'numeros
832 3168 887 3230 οὐκ
914 3167 1028 3233 οἰκείαν
1053 3169 1117 3234 τῶν

137 3288 258 3372 ἀρετῶν
288 3286 420 3370 θεωρίαν
450 3262 657 3373 nunelipavit
686 3282 754 3372 (2),
794 3282 875 3347 hinc
902 3280 1116 3372 reprehendit

136 3401 326 3485 Platonem,
351 3399 442 3491 quod
470 3426 545 3476 cum
570 3393 756 3492 quaestione
788 3401 830 3470 de
858 3403 1002 3470 moribus
1029 3399 1115 3469 illud

114 3565 118 3573 Ι
172 3598 213 3665 (1)
234 3596 277 3648 Cf.
297 3597 448 3649 Fiillehorn
467 3596 576 3650 Einleit.
597 3617 621 3650 z.
642 3600 725 3652 Arist.
745 3600 827 3652 Polit.
845 3602 938 3660 iibere.
957 3616 1011 3653 von
1031 3595 1121 3654 Gaura

141 3727 144 3730 ,
254 3716 261 3730 .
281 3680 338 3731 7.a
380 3716 387 3730 .

165 3761 209 3832 (2)
231 3697 315 3814 idmst·
339 3698 431 3832 (dioga.
459 3765 531 3817 Mor.
560 3766 639 3830 1.,1.
668 3768 726 3818 145.
750 3765 782 3816 C.
812 3765 967 3817 iterandum
986 3762 1116 3817 hocloco

228 3846 317 3912 duco,
336 3866 378 3899 me
399 3865 474 3903 usum
491 3866 545 3900 esee
563 3846 637 3900 Edit.
653 3849 765 3901 Duvall.
783 3848 866 3912 1629,
888 3847 994 3916 quando
1009 3846 1119 3915 quidem
1179 3919 1181 3929 Ι
1203 3919 1207 3925 ⁴

228 3929 257 3981 in
274 3929 357 3982 Arist.
377 3932 444 3983 libb.
464 3932 595 4002 capitibus
611 3930 802 4001 distinguendis
822 3930 1001 3998 maximopere
1017 3928 1120 3983 diacree

141 4048 145 4055 -
224 4020 295 4086 'pant
310 4013 450 4069 editiones.

907 4111 911 4120 “
934 4080 1003 4184 iot
