<?xml version="1.0" encoding="UTF-8"?>
<!DOCTYPE html PUBLIC "-//W3C//DTD XHTML 1.0 Transitional//EN"
    "http://www.w3.org/TR/xhtml1/DTD/xhtml1-transitional.dtd">
<html xmlns="http://www.w3.org/1999/xhtml" xml:lang="en" lang="en">
 <head>
  <title>
</title>
<meta http-equiv="Content-Type" content="text/html;charset=utf-8" />
  <meta name='ocr-system' content='tesseract 3.04.00' />
  <meta name='ocr-capabilities' content='ocr_page ocr_carea ocr_par ocr_line ocrx_word'/>
</head>
<body>
  <div class='ocr_page' id='page_1' title='image "./historiaphiloso00vedegoog/historiaphiloso00vedegoog_0100.png"; bbox 0 0 2520 4672; ppageno 0'>
   <div class='ocr_carea' id='block_1_1' title="bbox 607 300 650 368">
    <p class='ocr_par' dir='ltr' id='par_1_1' title="bbox 607 300 650 368">
     <span class='ocr_line' id='line_1_1' title="bbox 607 300 650 368; baseline 0.023 -1"><span class='ocrx_word' id='word_1_1' title='bbox 607 300 650 368; x_wconf 90' lang='grc'>90</span> 
     </span>
    </p>
   </div>
   <div class='ocr_carea' id='block_1_2' title="bbox 98 508 1106 2383">
    <p class='ocr_par' dir='ltr' id='par_1_2' title="bbox 98 508 1106 2383">
     <span class='ocr_line' id='line_1_2' title="bbox 144 508 1096 603; baseline 0.004 -22"><span class='ocrx_word' id='word_1_2' title='bbox 144 509 250 583; x_wconf 82' lang='lat' dir='ltr'>betur.</span> <span class='ocrx_word' id='word_1_3' title='bbox 296 509 363 580; x_wconf 85' lang='lat' dir='ltr'>Sed</span> <span class='ocrx_word' id='word_1_4' title='bbox 390 511 496 603; x_wconf 89' lang='lat' dir='ltr'>primo</span> <span class='ocrx_word' id='word_1_5' title='bbox 520 508 593 579; x_wconf 90' lang='lat' dir='ltr'>loco</span> <span class='ocrx_word' id='word_1_6' title='bbox 618 508 749 579; x_wconf 86' lang='lat' dir='ltr'>videtur</span> <span class='ocrx_word' id='word_1_7' title='bbox 780 508 936 580; x_wconf 73' lang='lat' dir='ltr'>audacius</span> <span class='ocrx_word' id='word_1_8' title='bbox 963 515 1096 585; x_wconf 69' lang='lat' dir='ltr'>nennio·</span> 
     </span>
     <span class='ocr_line' id='line_1_3' title="bbox 144 625 1099 719; baseline 0.003 -20"><span class='ocrx_word' id='word_1_9' title='bbox 144 633 201 700; x_wconf 92' lang='lat' dir='ltr'>nio</span> <span class='ocrx_word' id='word_1_10' title='bbox 244 630 409 699; x_wconf 79' lang='lat' dir='ltr'><strong>Ciceronis</strong></span> <span class='ocrx_word' id='word_1_11' title='bbox 446 628 494 719; x_wconf 91' lang='lat' dir='ltr'>(l)</span> <span class='ocrx_word' id='word_1_12' title='bbox 536 628 639 697; x_wconf 87' lang='lat' dir='ltr'>omnis</span> <span class='ocrx_word' id='word_1_13' title='bbox 680 625 826 699; x_wconf 79' lang='lat' dir='ltr'>detractu</span> <span class='ocrx_word' id='word_1_14' title='bbox 867 629 973 719; x_wconf 74' lang='lat' dir='ltr'>fides3</span> <span class='ocrx_word' id='word_1_15' title='bbox 1020 649 1099 717; x_wconf 83' lang='lat' dir='ltr'>tun,</span> 
     </span>
     <span class='ocr_line' id='line_1_4' title="bbox 146 746 1100 842; baseline 0.006 -27"><span class='ocrx_word' id='word_1_16' title='bbox 146 751 291 842; x_wconf 65' lang='lat' dir='ltr'>quamne</span> <span class='ocrx_word' id='word_1_17' title='bbox 321 747 357 815; x_wconf 93' lang='lat' dir='ltr'>id</span> <span class='ocrx_word' id='word_1_18' title='bbox 383 749 549 832; x_wconf 83' lang='lat' dir='ltr'>mittetur,</span> <span class='ocrx_word' id='word_1_19' title='bbox 580 746 683 814; x_wconf 89' lang='lat' dir='ltr'>multa</span> <span class='ocrx_word' id='word_1_20' title='bbox 709 765 817 815; x_wconf 84' lang='lat' dir='ltr'>tamen</span> <span class='ocrx_word' id='word_1_21' title='bbox 838 746 910 819; x_wconf 85' lang='lat' dir='ltr'>loca</span> <span class='ocrx_word' id='word_1_22' title='bbox 931 750 1023 842; x_wconf 81' lang='lat' dir='ltr'>opud</span> <span class='ocrx_word' id='word_1_23' title='bbox 1048 774 1100 821; x_wconf 79' lang='lat' dir='ltr'>ve·</span> 
     </span>
     <span class='ocr_line' id='line_1_5' title="bbox 98 865 1100 961; baseline 0.001 -22"><span class='ocrx_word' id='word_1_24' title='bbox 98 939 104 953; x_wconf 72' lang='grc'><em>,</em></span> <span class='ocrx_word' id='word_1_25' title='bbox 145 889 226 939; x_wconf 83' lang='lat' dir='ltr'>teres</span> <span class='ocrx_word' id='word_1_26' title='bbox 246 870 473 961; x_wconf 83' lang='lat' dir='ltr'>reperiuntur,</span> <span class='ocrx_word' id='word_1_27' title='bbox 503 890 587 959; x_wconf 86' lang='lat' dir='ltr'>quae</span> <span class='ocrx_word' id='word_1_28' title='bbox 615 867 667 945; x_wconf 79' lang='lat' dir='ltr'>de,</span> <span class='ocrx_word' id='word_1_29' title='bbox 680 865 753 935; x_wconf 91' lang='lat' dir='ltr'>solis</span> <span class='ocrx_word' id='word_1_30' title='bbox 779 869 926 941; x_wconf 75' lang='lat' dir='ltr'>sensibus</span> <span class='ocrx_word' id='word_1_31' title='bbox 954 866 1100 939; x_wconf 83' lang='lat' dir='ltr'>videntur</span> 
     </span>
     <span class='ocr_line' id='line_1_6' title="bbox 144 984 1101 1080; baseline 0 -23"><span class='ocrx_word' id='word_1_32' title='bbox 144 1012 213 1057; x_wconf 88' lang='lat' dir='ltr'>non</span> <span class='ocrx_word' id='word_1_33' title='bbox 239 987 345 1078; x_wconf 78' lang='lat' dir='ltr'><strong>accipi</strong></span> <span class='ocrx_word' id='word_1_34' title='bbox 370 1009 461 1079; x_wconf 90' lang='lat' dir='ltr'>posse</span> <span class='ocrx_word' id='word_1_35' title='bbox 489 984 548 1076; x_wconf 85' lang='lat'><strong>(2).</strong></span> <span class='ocrx_word' id='word_1_36' title='bbox 591 986 667 1055; x_wconf 81' lang='lat' dir='ltr'>Non</span> <span class='ocrx_word' id='word_1_37' title='bbox 688 988 788 1073; x_wconf 75' lang='lat' dir='ltr'>magis</span> <span class='ocrx_word' id='word_1_38' title='bbox 815 1010 891 1055; x_wconf 85' lang='lat' dir='ltr'>cum</span> <span class='ocrx_word' id='word_1_39' title='bbox 916 988 956 1055; x_wconf 89' lang='lat' dir='ltr'>iis</span> <span class='ocrx_word' id='word_1_40' title='bbox 977 986 1028 1080; x_wconf 79' lang='lat'>(3)</span> <span class='ocrx_word' id='word_1_41' title='bbox 1054 986 1101 1057; x_wconf 71' lang='lat' dir='ltr'>ta-</span> 
     </span>
     <span class='ocr_line' id='line_1_7' title="bbox 144 1105 1103 1197; baseline 0.001 -21"><span class='ocrx_word' id='word_1_42' title='bbox 144 1130 216 1176; x_wconf 90' lang='lat' dir='ltr'>cere</span> <span class='ocrx_word' id='word_1_43' title='bbox 252 1128 441 1197; x_wconf 88' lang='lat' dir='ltr'>possumus,</span> <span class='ocrx_word' id='word_1_44' title='bbox 479 1105 539 1196; x_wconf 88' lang='lat' dir='ltr'>qui</span> <span class='ocrx_word' id='word_1_45' title='bbox 572 1121 719 1174; x_wconf 86' lang='lat' dir='ltr'>statuunt</span> <span class='ocrx_word' id='word_1_46' title='bbox 752 1107 996 1191; x_wconf 78' lang='lat' dir='ltr'><strong>Democritum,</strong></span> <span class='ocrx_word' id='word_1_47' title='bbox 1033 1130 1103 1177; x_wconf 82' lang='lat' dir='ltr'>cun</span> 
     </span>
     <span class='ocr_line' id='line_1_8' title="bbox 142 1222 1102 1316; baseline -0.003 -20"><span class='ocrx_word' id='word_1_48' title='bbox 142 1227 287 1296; x_wconf 85' lang='lat' dir='ltr'>sensibus</span> <span class='ocrx_word' id='word_1_49' title='bbox 330 1222 381 1295; x_wconf 83' lang='lat' dir='ltr'>vel</span> <span class='ocrx_word' id='word_1_50' title='bbox 419 1223 586 1316; x_wconf 86' lang='lat' dir='ltr'>plerisque</span> <span class='ocrx_word' id='word_1_51' title='bbox 626 1248 737 1293; x_wconf 87' lang='lat' dir='ltr'>eorum</span> <span class='ocrx_word' id='word_1_52' title='bbox 776 1222 877 1293; x_wconf 81' lang='lat' dir='ltr'>tidem</span> <span class='ocrx_word' id='word_1_53' title='bbox 915 1241 1102 1311; x_wconf 79' lang='lat' dir='ltr'>negarem,</span> 
     </span>
     <span class='ocr_line' id='line_1_9' title="bbox 141 1341 1104 1436; baseline -0.001 -22"><span class='ocrx_word' id='word_1_54' title='bbox 141 1345 276 1433; x_wconf 86' lang='lat' dir='ltr'>majori,</span> <span class='ocrx_word' id='word_1_55' title='bbox 307 1367 406 1436; x_wconf 86' lang='lat' dir='ltr'>quam</span> <span class='ocrx_word' id='word_1_56' title='bbox 427 1367 488 1435; x_wconf 85' lang='lat' dir='ltr'>par</span> <span class='ocrx_word' id='word_1_57' title='bbox 509 1360 599 1427; x_wconf 84' lang='lat' dir='ltr'>eret,</span> <span class='ocrx_word' id='word_1_58' title='bbox 627 1341 738 1435; x_wconf 88' lang='lat' dir='ltr'>studio</span> <span class='ocrx_word' id='word_1_59' title='bbox 759 1343 950 1432; x_wconf 85' lang='lat' dir='ltr'>abreptum,</span> <span class='ocrx_word' id='word_1_60' title='bbox 979 1366 1104 1413; x_wconf 76' lang='lat' dir='ltr'>omnem</span> 
     </span>
     <span class='ocr_line' id='line_1_10' title="bbox 141 1458 1106 1552; baseline -0.001 -20"><span class='ocrx_word' id='word_1_61' title='bbox 141 1466 177 1532; x_wconf 91' lang='lat' dir='ltr'>in</span> <span class='ocrx_word' id='word_1_62' title='bbox 207 1461 346 1531; x_wconf 89' lang='lat' dir='ltr'>dubium</span> <span class='ocrx_word' id='word_1_63' title='bbox 380 1462 538 1531; x_wconf 82' lang='lat' dir='ltr'>vocavisse</span> <span class='ocrx_word' id='word_1_64' title='bbox 572 1462 758 1544; x_wconf 77' lang='lat' dir='ltr'>veritatem,</span> <span class='ocrx_word' id='word_1_65' title='bbox 795 1458 944 1552; x_wconf 80' lang='lat' dir='ltr'>adeoque</span> <span class='ocrx_word' id='word_1_66' title='bbox 970 1458 1106 1531; x_wconf 78' lang='lat' dir='ltr'>oblitum</span> 
     </span>
     <span class='ocr_line' id='line_1_11' title="bbox 140 1578 1105 1674; baseline -0.003 -25"><span class='ocrx_word' id='word_1_67' title='bbox 140 1581 255 1665; x_wconf 77' lang='lat' dir='ltr'>fusse,</span> <span class='ocrx_word' id='word_1_68' title='bbox 288 1580 369 1674; x_wconf 87' lang='lat' dir='ltr'>quid</span> <span class='ocrx_word' id='word_1_69' title='bbox 404 1605 480 1649; x_wconf 82' lang='lat' dir='ltr'>suae</span> <span class='ocrx_word' id='word_1_70' title='bbox 512 1578 702 1672; x_wconf 82' lang='lat' dir='ltr'>disciplinae</span> <span class='ocrx_word' id='word_1_71' title='bbox 731 1578 876 1647; x_wconf 77' lang='lat' dir='ltr'><strong>deberet.</strong></span> <span class='ocrx_word' id='word_1_72' title='bbox 929 1579 989 1647; x_wconf 84' lang='lat' dir='ltr'>Est</span> <span class='ocrx_word' id='word_1_73' title='bbox 1020 1580 1105 1657; x_wconf 83' lang='lat' dir='ltr'>eninr</span> 
     </span>
     <span class='ocr_line' id='line_1_12' title="bbox 141 1696 1104 1792; baseline -0.003 -24"><span class='ocrx_word' id='word_1_74' title='bbox 141 1702 177 1768; x_wconf 89' lang='lat' dir='ltr'>in</span> <span class='ocrx_word' id='word_1_75' title='bbox 211 1698 401 1792; x_wconf 75' lang='lat' dir='ltr'><strong>Philosophi</strong></span> <span class='ocrx_word' id='word_1_76' title='bbox 430 1701 560 1792; x_wconf 87' lang='lat' dir='ltr'>scriptis</span> <span class='ocrx_word' id='word_1_77' title='bbox 591 1700 688 1767; x_wconf 90' lang='lat' dir='ltr'>nimis</span> <span class='ocrx_word' id='word_1_78' title='bbox 714 1697 869 1789; x_wconf 75' lang='lat' dir='ltr'>frequens</span> <span class='ocrx_word' id='word_1_79' title='bbox 895 1714 930 1767; x_wconf 89' lang='lat' dir='ltr'>et</span> <span class='ocrx_word' id='word_1_80' title='bbox 954 1696 1104 1767; x_wconf 78' lang='lat' dir='ltr'>disertius</span> 
     </span>
     <span class='ocr_line' id='line_1_13' title="bbox 140 1817 1103 1911; baseline -0.002 -24"><span class='ocrx_word' id='word_1_81' title='bbox 140 1842 289 1910; x_wconf 81' lang='lat' dir='ltr'>expressa</span> <span class='ocrx_word' id='word_1_82' title='bbox 313 1819 374 1884; x_wconf 83' lang='lat' dir='ltr'>ista</span> <span class='ocrx_word' id='word_1_83' title='bbox 402 1819 541 1911; x_wconf 86' lang='lat' dir='ltr'>scepsis,</span> <span class='ocrx_word' id='word_1_84' title='bbox 571 1841 672 1910; x_wconf 86' lang='lat' dir='ltr'>quam</span> <span class='ocrx_word' id='word_1_85' title='bbox 698 1834 736 1884; x_wconf 85' lang='lat' dir='ltr'>ut</span> <span class='ocrx_word' id='word_1_86' title='bbox 762 1840 855 1886; x_wconf 81' lang='lat' dir='ltr'>verce</span> <span class='ocrx_word' id='word_1_87' title='bbox 879 1817 982 1908; x_wconf 87' lang='lat' dir='ltr'>ipsius</span> <span class='ocrx_word' id='word_1_88' title='bbox 1004 1817 1103 1887; x_wconf 83' lang='lat' dir='ltr'>menti</span> 
     </span>
     <span class='ocr_line' id='line_1_14' title="bbox 139 1932 1106 2023; baseline 0.001 -19"><span class='ocrx_word' id='word_1_89' title='bbox 139 1959 211 2004; x_wconf 76' lang='lat' dir='ltr'>eam</span> <span class='ocrx_word' id='word_1_90' title='bbox 251 1932 438 2021; x_wconf 80' lang='lat' dir='ltr'>abjudicare</span> <span class='ocrx_word' id='word_1_91' title='bbox 479 1933 651 2005; x_wconf 84' lang='lat' dir='ltr'>valeamus.</span> <span class='ocrx_word' id='word_1_92' title='bbox 708 1934 770 2005; x_wconf 91' lang='lat' dir='ltr'>Vel</span> <span class='ocrx_word' id='word_1_93' title='bbox 808 1937 908 2023; x_wconf 78' lang='lat' dir='ltr'>igitur</span> <span class='ocrx_word' id='word_1_94' title='bbox 941 1933 984 2004; x_wconf 89' lang='lat' dir='ltr'>de</span> <span class='ocrx_word' id='word_1_95' title='bbox 1018 1951 1106 2005; x_wconf 78' lang='lat' dir='ltr'>recu</span> 
     </span>
     <span class='ocr_line' id='line_1_15' title="bbox 138 2048 1103 2147; baseline 0.001 -25"><span class='ocrx_word' id='word_1_96' title='bbox 138 2052 363 2147; x_wconf 83' lang='lat' dir='ltr'>philosophiae</span> <span class='ocrx_word' id='word_1_97' title='bbox 384 2055 602 2123; x_wconf 84' lang='lat' dir='ltr'>Democriteae</span> <span class='ocrx_word' id='word_1_98' title='bbox 624 2056 738 2123; x_wconf 84' lang='lat' dir='ltr'>notitia</span> <span class='ocrx_word' id='word_1_99' title='bbox 767 2048 1012 2146; x_wconf 80' lang='lat' dir='ltr'>despersndn’rn</span> <span class='ocrx_word' id='word_1_100' title='bbox 1040 2071 1103 2139; x_wconf 81' lang='lat' dir='ltr'>est,</span> 
     </span>
     <span class='ocr_line' id='line_1_16' title="bbox 137 2170 1102 2265; baseline 0 -22"><span class='ocrx_word' id='word_1_101' title='bbox 137 2172 190 2245; x_wconf 80' lang='lat' dir='ltr'>vel</span> <span class='ocrx_word' id='word_1_102' title='bbox 216 2170 297 2241; x_wconf 88' lang='lat' dir='ltr'>duas</span> <span class='ocrx_word' id='word_1_103' title='bbox 322 2171 462 2242; x_wconf 85' lang='lat' dir='ltr'>diversas</span> <span class='ocrx_word' id='word_1_104' title='bbox 483 2196 602 2265; x_wconf 87' lang='lat' dir='ltr'>easque</span> <span class='ocrx_word' id='word_1_105' title='bbox 624 2171 823 2264; x_wconf 74' lang='lat' dir='ltr'>principales</span> <span class='ocrx_word' id='word_1_106' title='bbox 849 2174 1018 2264; x_wconf 85' lang='lat' dir='ltr'>opiniones</span> <span class='ocrx_word' id='word_1_107' title='bbox 1040 2172 1102 2242; x_wconf 84' lang='lat' dir='ltr'>de-</span> 
     </span>
     <span class='ocr_line' id='line_1_17' title="bbox 138 2289 1105 2383; baseline 0.005 -24"><span class='ocrx_word' id='word_1_108' title='bbox 138 2289 378 2383; x_wconf 86' lang='lat' dir='ltr'>prehendamus</span> <span class='ocrx_word' id='word_1_109' title='bbox 404 2313 533 2359; x_wconf 88' lang='lat' dir='ltr'>necesse</span> <span class='ocrx_word' id='word_1_110' title='bbox 559 2309 625 2375; x_wconf 87' lang='lat' dir='ltr'>est,</span> <span class='ocrx_word' id='word_1_111' title='bbox 656 2289 783 2359; x_wconf 85' lang='lat' dir='ltr'>diverso</span> <span class='ocrx_word' id='word_1_112' title='bbox 802 2289 937 2369; x_wconf 79' lang='lat' dir='ltr'>sortesse</span> <span class='ocrx_word' id='word_1_113' title='bbox 958 2308 1105 2383; x_wconf 72' lang='lat' dir='ltr'>tempora</span> 
     </span>
    </p>
   </div>
   <div class='ocr_carea' id='block_1_3' title="bbox 138 2407 1104 2738">
    <p class='ocr_par' dir='ltr' id='par_1_3' title="bbox 138 2407 1104 2738">
     <span class='ocr_line' id='line_1_18' title="bbox 138 2407 1103 2502; baseline 0.007 -28"><span class='ocrx_word' id='word_1_114' title='bbox 138 2407 298 2501; x_wconf 81' lang='lat' dir='ltr'>prolatas:</span> <span class='ocrx_word' id='word_1_115' title='bbox 331 2426 368 2475; x_wconf 85' lang='lat' dir='ltr'>ut</span> <span class='ocrx_word' id='word_1_116' title='bbox 396 2410 542 2500; x_wconf 88' lang='lat' dir='ltr'>primurn</span> <span class='ocrx_word' id='word_1_117' title='bbox 567 2409 797 2479; x_wconf 86' lang='lat' dir='ltr'>Atornisticurn</span> <span class='ocrx_word' id='word_1_118' title='bbox 822 2426 958 2502; x_wconf 81' lang='lat' dir='ltr'>systema</span> <span class='ocrx_word' id='word_1_119' title='bbox 984 2408 1103 2481; x_wconf 83' lang='lat' dir='ltr'>deien-</span> 
     </span>
     <span class='ocr_line' id='line_1_19' title="bbox 138 2525 1104 2617; baseline 0.002 -22"><span class='ocrx_word' id='word_1_120' title='bbox 138 2525 246 2612; x_wconf 87' lang='lat' dir='ltr'>derit‚</span> <span class='ocrx_word' id='word_1_121' title='bbox 268 2543 371 2597; x_wconf 85' lang='lat' dir='ltr'>tectus</span> <span class='ocrx_word' id='word_1_122' title='bbox 393 2549 491 2595; x_wconf 86' lang='lat' dir='ltr'>sensu</span> <span class='ocrx_word' id='word_1_123' title='bbox 512 2525 700 2617; x_wconf 73' lang='lat' dir='ltr'>probabile,</span> <span class='ocrx_word' id='word_1_124' title='bbox 724 2528 777 2595; x_wconf 90' lang='lat' dir='ltr'>cui</span> <span class='ocrx_word' id='word_1_125' title='bbox 800 2528 908 2595; x_wconf 78' lang='lat' dir='ltr'>semei</span> <span class='ocrx_word' id='word_1_126' title='bbox 928 2525 992 2595; x_wconf 87' lang='lat' dir='ltr'>hac</span> <span class='ocrx_word' id='word_1_127' title='bbox 1011 2529 1051 2595; x_wconf 89' lang='lat' dir='ltr'>in</span> <span class='ocrx_word' id='word_1_128' title='bbox 1068 2551 1104 2597; x_wconf 82' lang='lat' dir='ltr'>re</span> 
     </span>
     <span class='ocr_line' id='line_1_20' title="bbox 139 2642 1102 2738; baseline 0.002 -27"><span class='ocrx_word' id='word_1_129' title='bbox 139 2668 241 2736; x_wconf 87' lang='lat' dir='ltr'>aeque</span> <span class='ocrx_word' id='word_1_130' title='bbox 273 2669 312 2711; x_wconf 89' lang='lat' dir='ltr'>ac</span> <span class='ocrx_word' id='word_1_131' title='bbox 342 2645 463 2711; x_wconf 82' lang='lat' dir='ltr'>rationi</span> <span class='ocrx_word' id='word_1_132' title='bbox 493 2646 535 2712; x_wconf 89' lang='lat' dir='ltr'>sit</span> <span class='ocrx_word' id='word_1_133' title='bbox 560 2642 706 2737; x_wconf 69' lang='lat' dir='ltr'>perlecta</span> <span class='ocrx_word' id='word_1_134' title='bbox 732 2643 816 2714; x_wconf 82' lang='lat' dir='ltr'>tides</span> <span class='ocrx_word' id='word_1_135' title='bbox 848 2643 1004 2714; x_wconf 83' lang='lat' dir='ltr'>habende</span> <span class='ocrx_word' id='word_1_136' title='bbox 1034 2646 1102 2738; x_wconf 53' lang='lat' dir='ltr'>(bb</span> 
     </span>
    </p>
   </div>
   <div class='ocr_carea' id='block_1_4' title="bbox 167 2897 1107 3383">
    <p class='ocr_par' dir='ltr' id='par_1_4' title="bbox 167 2897 1105 3039">
     <span class='ocr_line' id='line_1_21' title="bbox 167 2897 1105 2974; baseline 0.001 -20"><span class='ocrx_word' id='word_1_137' title='bbox 167 2902 208 2974; x_wconf 83' lang='lat' dir='ltr'>(l)</span> <span class='ocrx_word' id='word_1_138' title='bbox 230 2901 313 2963; x_wconf 72' lang='lat' dir='ltr'>Acrd.</span> <span class='ocrx_word' id='word_1_139' title='bbox 342 2901 432 2955; x_wconf 83' lang='lat' dir='ltr'>Prior.</span> <span class='ocrx_word' id='word_1_140' title='bbox 459 2899 483 2954; x_wconf 91' lang='lat'>1.</span> <span class='ocrx_word' id='word_1_141' title='bbox 511 2900 554 2953; x_wconf 81' lang='grc'>23.</span> <span class='ocrx_word' id='word_1_142' title='bbox 583 2901 684 2955; x_wconf 77' lang='lat' dir='ltr'>Potior.</span> <span class='ocrx_word' id='word_1_143' title='bbox 712 2898 753 2954; x_wconf 90' lang='lat'>11.</span> <span class='ocrx_word' id='word_1_144' title='bbox 780 2899 821 2953; x_wconf 82' lang='lat'>12.</span> <span class='ocrx_word' id='word_1_145' title='bbox 848 2897 902 2963; x_wconf 65' lang='grc'><strong>02.</strong></span> <span class='ocrx_word' id='word_1_146' title='bbox 928 2898 1030 2957; x_wconf 66' lang='lat' dir='ltr'>Sum</span> <span class='ocrx_word' id='word_1_147' title='bbox 1055 2899 1105 2972; x_wconf 66' lang='lat' dir='ltr'>sp.</span> 
     </span>
     <span class='ocr_line' id='line_1_22' title="bbox 225 2981 743 3039; baseline -0.014 0"><span class='ocrx_word' id='word_1_148' title='bbox 225 2983 424 3039; x_wconf 78' lang='lat' dir='ltr'>Lxxxvltr.</span> <span class='ocrx_word' id='word_1_149' title='bbox 443 2981 519 3037; x_wconf 82' lang='lat' dir='ltr'>Lact.</span> <span class='ocrx_word' id='word_1_150' title='bbox 538 2982 604 3036; x_wconf 84' lang='lat' dir='ltr'>lust.</span> <span class='ocrx_word' id='word_1_151' title='bbox 625 2981 682 3034; x_wconf 86' lang='lat' dir='ltr'>lli.</span> <span class='ocrx_word' id='word_1_152' title='bbox 699 2981 743 3033; x_wconf 90' lang='grc'>27.</span> 
     </span>
    </p>

    <p class='ocr_par' dir='ltr' id='par_1_5' title="bbox 167 3061 1107 3383">
     <span class='ocr_line' id='line_1_23' title="bbox 167 3061 1105 3138; baseline -0.001 -19"><span class='ocrx_word' id='word_1_153' title='bbox 167 3068 208 3138; x_wconf 94' lang='grc'><strong>(2)</strong></span> <span class='ocrx_word' id='word_1_154' title='bbox 229 3066 304 3122; x_wconf 81' lang='lat' dir='ltr'>Sext.</span> <span class='ocrx_word' id='word_1_155' title='bbox 323 3067 401 3135; x_wconf 86' lang='lat' dir='ltr'>Ernp.</span> <span class='ocrx_word' id='word_1_156' title='bbox 418 3067 448 3119; x_wconf 87' lang='lat' dir='ltr'>ll.</span> <span class='ocrx_word' id='word_1_157' title='bbox 467 3084 507 3121; x_wconf 87' lang='lat' dir='ltr'>ce.</span> <span class='ocrx_word' id='word_1_158' title='bbox 531 3065 612 3135; x_wconf 74' lang='lat' dir='ltr'>Diog.</span> <span class='ocrx_word' id='word_1_159' title='bbox 633 3063 727 3117; x_wconf 72' lang='lat' dir='ltr'>Laese.</span> <span class='ocrx_word' id='word_1_160' title='bbox 745 3061 798 3115; x_wconf 80' lang='lat' dir='ltr'>IX.</span> <span class='ocrx_word' id='word_1_161' title='bbox 814 3062 857 3116; x_wconf 90' lang='grc'>72.</span> <span class='ocrx_word' id='word_1_162' title='bbox 892 3063 1031 3121; x_wconf 77' lang='lat' dir='ltr'>Plutarch.</span> <span class='ocrx_word' id='word_1_163' title='bbox 1046 3065 1105 3121; x_wconf 71' lang='lat' dir='ltr'>cdv.</span> 
     </span>
     <span class='ocr_line' id='line_1_24' title="bbox 227 3145 1107 3219; baseline -0.001 -16"><span class='ocrx_word' id='word_1_164' title='bbox 227 3149 289 3203; x_wconf 89' lang='lat' dir='ltr'>Col.</span> <span class='ocrx_word' id='word_1_165' title='bbox 304 3168 332 3219; x_wconf 83' lang='lat' dir='ltr'>p.</span> <span class='ocrx_word' id='word_1_166' title='bbox 348 3149 495 3202; x_wconf 87' lang='grc'><strong>226-228.</strong></span> <span class='ocrx_word' id='word_1_167' title='bbox 531 3149 554 3201; x_wconf 76' lang='lat' dir='ltr'>A</span> <span class='ocrx_word' id='word_1_168' title='bbox 574 3164 695 3201; x_wconf 74' lang='lat' dir='ltr'>menum</span> <span class='ocrx_word' id='word_1_169' title='bbox 712 3145 820 3217; x_wconf 79' lang='lat' dir='ltr'>quidem</span> <span class='ocrx_word' id='word_1_170' title='bbox 840 3146 987 3202; x_wconf 67' lang='lat' dir='ltr'>telbcitatc</span> <span class='ocrx_word' id='word_1_171' title='bbox 1003 3149 1107 3219; x_wconf 64' lang='lat' dir='ltr'>orditur</span> 
     </span>
     <span class='ocr_line' id='line_1_25' title="bbox 227 3226 1106 3303; baseline 0.001 -19"><span class='ocrx_word' id='word_1_172' title='bbox 227 3232 361 3303; x_wconf 74' lang='lat' dir='ltr'>querelem</span> <span class='ocrx_word' id='word_1_173' title='bbox 386 3232 419 3283; x_wconf 93' lang='lat' dir='ltr'>de</span> <span class='ocrx_word' id='word_1_174' title='bbox 444 3248 533 3284; x_wconf 86' lang='lat' dir='ltr'>rernm</span> <span class='ocrx_word' id='word_1_175' title='bbox 555 3229 761 3283; x_wconf 73' lang='lat' dir='ltr'>incertitudines</span> <span class='ocrx_word' id='word_1_176' title='bbox 790 3226 858 3283; x_wconf 75' lang='lat' dir='ltr'>liano</span> <span class='ocrx_word' id='word_1_177' title='bbox 879 3246 944 3284; x_wconf 82' lang='lat' dir='ltr'>vero</span> <span class='ocrx_word' id='word_1_178' title='bbox 962 3228 1042 3285; x_wconf 77' lang='lat' dir='ltr'>ainis</span> <span class='ocrx_word' id='word_1_179' title='bbox 1057 3231 1106 3285; x_wconf 77' lang='lat' dir='ltr'>tb-</span> 
     </span>
     <span class='ocr_line' id='line_1_26' title="bbox 226 3311 995 3383; baseline 0 -18"><span class='ocrx_word' id='word_1_180' title='bbox 226 3313 312 3366; x_wconf 81' lang='lat' dir='ltr'>soluta</span> <span class='ocrx_word' id='word_1_181' title='bbox 329 3313 500 3381; x_wconf 80' lang='lat' dir='ltr'>pronuntiat,</span> <span class='ocrx_word' id='word_1_182' title='bbox 520 3329 588 3383; x_wconf 81' lang='lat' dir='ltr'>quse</span> <span class='ocrx_word' id='word_1_183' title='bbox 606 3312 641 3363; x_wconf 86' lang='lat' dir='ltr'>ad</span> <span class='ocrx_word' id='word_1_184' title='bbox 658 3311 730 3364; x_wconf 88' lang='lat' dir='ltr'>solos</span> <span class='ocrx_word' id='word_1_185' title='bbox 747 3328 837 3364; x_wconf 75' lang='lat' dir='ltr'>senem</span> <span class='ocrx_word' id='word_1_186' title='bbox 854 3312 995 3367; x_wconf 77' lang='lat' dir='ltr'>reseretur.</span> 
     </span>
    </p>
   </div>
   <div class='ocr_carea' id='block_1_5' title="bbox 168 3394 1105 3965">
    <p class='ocr_par' dir='ltr' id='par_1_6' title="bbox 168 3394 1104 3632">
     <span class='ocr_line' id='line_1_27' title="bbox 168 3394 1104 3469; baseline -0.002 -17"><span class='ocrx_word' id='word_1_187' title='bbox 168 3398 210 3469; x_wconf 79' lang='grc'>(3)</span> <span class='ocrx_word' id='word_1_188' title='bbox 230 3398 267 3452; x_wconf 86' lang='lat' dir='ltr'>D·</span> <span class='ocrx_word' id='word_1_189' title='bbox 284 3395 454 3449; x_wconf 78' lang='lat' dir='ltr'>Tiedernann.</span> <span class='ocrx_word' id='word_1_190' title='bbox 469 3394 555 3451; x_wconf 77' lang='lat' dir='ltr'>Gcist.</span> <span class='ocrx_word' id='word_1_191' title='bbox 566 3398 614 3453; x_wconf 86' lang='lat' dir='ltr'>der</span> <span class='ocrx_word' id='word_1_192' title='bbox 632 3395 766 3464; x_wconf 79' lang='lat' dir='ltr'>Speculat.</span> <span class='ocrx_word' id='word_1_193' title='bbox 785 3395 886 3451; x_wconf 73' lang='lat' dir='ltr'>Philon.</span> <span class='ocrx_word' id='word_1_194' title='bbox 905 3394 940 3449; x_wconf 98' lang='grc' dir='ltr'><strong>Τ.</strong></span> <span class='ocrx_word' id='word_1_195' title='bbox 959 3396 983 3451; x_wconf 80' lang='grc' dir='ltr'><strong>Ι.</strong></span> <span class='ocrx_word' id='word_1_196' title='bbox 999 3414 1029 3467; x_wconf 70' lang='lat' dir='ltr'>p.</span> <span class='ocrx_word' id='word_1_197' title='bbox 1047 3397 1104 3453; x_wconf 79' lang='lat'>281.</span> 
     </span>
     <span class='ocr_line' id='line_1_28' title="bbox 228 3475 1102 3548; baseline -0.005 -13"><span class='ocrx_word' id='word_1_198' title='bbox 228 3479 367 3535; x_wconf 76' lang='lat' dir='ltr'>Stiudlin</span> <span class='ocrx_word' id='word_1_199' title='bbox 390 3475 553 3533; x_wconf 84' lang='lat' dir='ltr'>Gcscbichte</span> <span class='ocrx_word' id='word_1_200' title='bbox 575 3479 631 3532; x_wconf 89' lang='lat' dir='ltr'>und</span> <span class='ocrx_word' id='word_1_201' title='bbox 649 3477 727 3533; x_wconf 81' lang='lat' dir='ltr'>Gcist</span> <span class='ocrx_word' id='word_1_202' title='bbox 750 3479 797 3533; x_wconf 82' lang='lat' dir='ltr'>dea</span> <span class='ocrx_word' id='word_1_203' title='bbox 820 3477 1015 3548; x_wconf 79' lang='lat' dir='ltr'>Stepticiamns</span> <span class='ocrx_word' id='word_1_204' title='bbox 1033 3478 1067 3532; x_wconf 90' lang='grc' dir='ltr'><strong>Τ.</strong></span> <span class='ocrx_word' id='word_1_205' title='bbox 1080 3478 1102 3532; x_wconf 88' lang='lat' dir='ltr'>t.</span> 
     </span>
     <span class='ocr_line' id='line_1_29' title="bbox 226 3561 334 3632; baseline 0.009 -20"><span class='ocrx_word' id='word_1_206' title='bbox 226 3580 254 3632; x_wconf 89' lang='lat' dir='ltr'>p.</span> <span class='ocrx_word' id='word_1_207' title='bbox 275 3561 334 3613; x_wconf 86' lang='grc'><strong>197.</strong></span> 
     </span>
    </p>

    <p class='ocr_par' dir='ltr' id='par_1_7' title="bbox 168 3641 1105 3965">
     <span class='ocr_line' id='line_1_30' title="bbox 168 3641 1103 3718; baseline 0 -19"><span class='ocrx_word' id='word_1_208' title='bbox 168 3647 208 3718; x_wconf 73' lang='lat' dir='ltr'>(t)</span> <span class='ocrx_word' id='word_1_209' title='bbox 230 3647 313 3700; x_wconf 76' lang='lat' dir='ltr'>Arist.</span> <span class='ocrx_word' id='word_1_210' title='bbox 341 3645 375 3698; x_wconf 88' lang='lat' dir='ltr'>da</span> <span class='ocrx_word' id='word_1_211' title='bbox 398 3643 484 3699; x_wconf 75' lang='lat' dir='ltr'>Senon</span> <span class='ocrx_word' id='word_1_212' title='bbox 507 3644 540 3699; x_wconf 78' lang='lat' dir='ltr'>C·</span> <span class='ocrx_word' id='word_1_213' title='bbox 563 3645 589 3696; x_wconf 75' lang='lat' dir='ltr'>i.</span> <span class='ocrx_word' id='word_1_214' title='bbox 612 3643 647 3697; x_wconf 91' lang='grc' dir='ltr'><strong>Τ.</strong></span> <span class='ocrx_word' id='word_1_215' title='bbox 670 3643 693 3696; x_wconf 88' lang='lat'>1.</span> <span class='ocrx_word' id='word_1_216' title='bbox 718 3662 747 3714; x_wconf 86' lang='lat' dir='ltr'>p.</span> <span class='ocrx_word' id='word_1_217' title='bbox 764 3645 825 3699; x_wconf 88' lang='grc'><strong>669.</strong></span> <span class='ocrx_word' id='word_1_218' title='bbox 843 3643 876 3697; x_wconf 80' lang='grc' dir='ltr'><strong>Ε.</strong></span> <span class='ocrx_word' id='word_1_219' title='bbox 898 3644 963 3707; x_wconf 85' lang='grc' dir='ltr'>Ι679.</span> <span class='ocrx_word' id='word_1_220' title='bbox 982 3645 1018 3699; x_wconf 73' lang='grc' dir='ltr'><strong>Α.</strong></span> <span class='ocrx_word' id='word_1_221' title='bbox 1060 3641 1103 3699; x_wconf 68' lang='lat' dir='ltr'>(ii.</span> 
     </span>
     <span class='ocr_line' id='line_1_31' title="bbox 228 3725 1103 3798; baseline -0.005 -14"><span class='ocrx_word' id='word_1_222' title='bbox 228 3728 366 3784; x_wconf 72' lang='lat' dir='ltr'>Stiudlin.</span> <span class='ocrx_word' id='word_1_223' title='bbox 391 3745 435 3798; x_wconf 86' lang='lat' dir='ltr'>op.</span> <span class='ocrx_word' id='word_1_224' title='bbox 462 3745 486 3781; x_wconf 89' lang='lat' dir='ltr'>e.</span> <span class='ocrx_word' id='word_1_225' title='bbox 505 3745 533 3796; x_wconf 84' lang='lat' dir='ltr'>p.</span> <span class='ocrx_word' id='word_1_226' title='bbox 551 3726 610 3779; x_wconf 74' lang='lat'><strong>19⁵.</strong></span> <span class='ocrx_word' id='word_1_227' title='bbox 627 3754 663 3771; x_wconf 89' lang='lat'>-·</span> <span class='ocrx_word' id='word_1_228' title='bbox 680 3725 717 3780; x_wconf 85' lang='lat' dir='ltr'>V.</span> <span class='ocrx_word' id='word_1_229' title='bbox 737 3734 822 3781; x_wconf 74' lang='lat' dir='ltr'>temen</span> <span class='ocrx_word' id='word_1_230' title='bbox 848 3726 923 3782; x_wconf 80' lang='lat' dir='ltr'>Sext.</span> <span class='ocrx_word' id='word_1_231' title='bbox 948 3726 1028 3798; x_wconf 70' lang='lat' dir='ltr'>Eup.</span> <span class='ocrx_word' id='word_1_232' title='bbox 1045 3727 1103 3783; x_wconf 79' lang='lat' dir='ltr'>adv.</span> 
     </span>
     <span class='ocr_line' id='line_1_32' title="bbox 225 3808 1105 3879; baseline -0.003 -13"><span class='ocrx_word' id='word_1_233' title='bbox 225 3811 313 3867; x_wconf 84' lang='lat' dir='ltr'>Math.</span> <span class='ocrx_word' id='word_1_234' title='bbox 335 3810 420 3869; x_wconf 76' lang='lat' dir='ltr'>vlit.</span> <span class='ocrx_word' id='word_1_235' title='bbox 446 3814 474 3869; x_wconf 89' lang='grc'><strong>6.</strong></span> <span class='ocrx_word' id='word_1_236' title='bbox 497 3818 524 3865; x_wconf 81' lang='lat' dir='ltr'>ct</span> <span class='ocrx_word' id='word_1_237' title='bbox 546 3808 727 3864; x_wconf 77' lang='lat' dir='ltr'>Tsnncnrcnn.</span> <span class='ocrx_word' id='word_1_238' title='bbox 755 3810 779 3862; x_wconf 92' lang='lat'>1.</span> <span class='ocrx_word' id='word_1_239' title='bbox 805 3829 834 3879; x_wconf 86' lang='lat' dir='ltr'>p.</span> <span class='ocrx_word' id='word_1_240' title='bbox 857 3810 920 3873; x_wconf 78' lang='grc'><strong>287.</strong></span> <span class='ocrx_word' id='word_1_241' title='bbox 944 3838 980 3857; x_wconf 83' lang='lat'>-·</span> <span class='ocrx_word' id='word_1_242' title='bbox 1003 3810 1105 3866; x_wconf 80' lang='lat' dir='ltr'>Citstns</span> 
     </span>
     <span class='ocr_line' id='line_1_33' title="bbox 228 3891 1104 3965; baseline 0 -17"><span class='ocrx_word' id='word_1_243' title='bbox 228 3893 312 3949; x_wconf 78' lang='lat' dir='ltr'>Arist.</span> <span class='ocrx_word' id='word_1_244' title='bbox 337 3895 429 3960; x_wconf 82' lang='lat' dir='ltr'>iocos,</span> <span class='ocrx_word' id='word_1_245' title='bbox 456 3899 623 3965; x_wconf 61' lang='lat' dir='ltr'>commotius</span> <span class='ocrx_word' id='word_1_246' title='bbox 640 3910 701 3961; x_wconf 72' lang='lat' dir='ltr'>cara</span> <span class='ocrx_word' id='word_1_247' title='bbox 726 3891 803 3961; x_wconf 73' lang='lat' dir='ltr'>Serti</span> <span class='ocrx_word' id='word_1_248' title='bbox 827 3891 895 3951; x_wconf 83' lang='lat' dir='ltr'>vn.</span> <span class='ocrx_word' id='word_1_249' title='bbox 913 3895 981 3962; x_wconf 77' lang='grc'><strong>126,</strong></span> <span class='ocrx_word' id='word_1_250' title='bbox 1008 3895 1056 3950; x_wconf 81' lang='lat' dir='ltr'>ubi</span> <span class='ocrx_word' id='word_1_251' title='bbox 1072 3894 1104 3948; x_wconf 74' lang='lat' dir='ltr'>de</span> 
     </span>
    </p>
   </div>
   <div class='ocr_carea' id='block_1_6' title="bbox 0 0 1264 4672">
    <p class='ocr_par' dir='ltr' id='par_1_8' title="bbox 0 0 1264 4672">
     <span class='ocr_line' id='line_1_34' title="bbox 0 0 1264 4672; baseline 0 1"><span class='ocrx_word' id='word_1_252' title='bbox 0 0 1264 4672; x_wconf 95' lang='lat' dir='ltr'> </span> 
     </span>
    </p>
   </div>
  </div>
 </body>
</html>
