2520 4672
595 294 657 374 239

142 506 224 598 justi
256 501 453 572 simulacris:
487 519 696 594 ¹quapropter
730 499 844 575 scdulo
878 501 913 568 id
950 504 1112 587 custodire

142 650 202 703 nos
224 641 371 714 oportet,
394 629 450 706 τὴν
471 627 523 689 τοῦ
546 599 599 689 νοῦ
624 621 770 706 διανομὴν
791 623 1031 706 ἐπονομάζοντας
1053 633 1108 693 nd·
1213 604 1215 608 ’

139 773 202 829 μου
239 743 299 832 (l).
346 743 461 809 Tertio
486 740 688 837 significatur
716 742 856 827 justitia,
891 767 976 832 quae
1005 742 1124 819 ,solitis-

139 862 344 954 rcliquorum
384 859 653 951 philosophorum
691 858 963 950 disputationibus
1003 862 1107 929 habe-

140 999 214 1063 tur,
254 1004 337 1070 quae
365 1003 440 1069 pars
469 978 613 1073 capitalis
645 988 692 1044 est
723 981 866 1061 virtutis,
898 982 936 1045 in
968 999 1109 1071 quatuor

139 1073 249 1192 partes
284 1097 488 1186 distributae.
535 1098 628 1165 Hanc
658 1099 857 1188 saepissime,
892 1096 954 1166 vel'
975 1101 1040 1167 imo
1072 1104 1108 1167 in
1193 1149 1194 1157 1

140 1213 441 1286 ratiocinationibus
468 1215 509 1282 de
532 1217 678 1283 interiori
697 1219 838 1304 justitiae
860 1217 988 1302 indole,
1016 1246 1108 1286 nun-

139 1355 243 1430 cupat
278 1334 387 1418 Plato,
429 1336 542 1425 eique,
585 1335 731 1425 quamvis
765 1335 910 1422 ejusdem
946 1340 1111 1406 notionem

136 1455 297 1540 corrigere
334 1449 497 1537 studeret,
537 1454 689 1520 orationis
726 1472 831 1520 tamen
863 1458 964 1542 gratiis
994 1457 1109 1546 vulga·
1166 1498 1174 1510 ·

139 1599 211 1641 rem
236 1597 370 1639 sensum
393 1572 536 1638 tribuere
557 1574 686 1664 pergit.
731 1576 847 1641 Oritur
877 1580 945 1663 ejus
975 1577 1107 1647 deside-

138 1695 228 1787 rium
249 1689 346 1759 simul
368 1717 442 1757 oum
465 1693 592 1760 civitate
616 1693 785 1759 hominum
805 1693 915 1763 studio
937 1697 999 1762 sibi
1024 1723 1106 1764 con-

137 1796 245 1881 sulere
270 1811 478 1895 conantium,
501 1829 535 1878 et
556 1813 592 1876 in
613 1810 834 1903 qualicunque
858 1815 1007 1907 societate
1026 1840 1105 1907 per-

138 1946 322 2045 petunt
273 1946 322 2009 est
335 1928 463 2017 legum
496 1933 743 2022 procreatrix,
758 1956 840 2021 quae
874 1932 909 1999 id
936 1952 1107 2026 spectant,

136 2052 185 2131 ut
205 2032 409 2136 singulorum
438 2049 607 2117 commoda
636 2050 800 2117 communi
826 2045 940 2119 salute
954 2077 1107 2146 compre-

137 2166 387 2235 hendantur2
353 2169 387 2257 (2
389 2171 425 2260 )3
451 2169 597 2256 consistit
621 2189 728 2237 autem
749 2171 785 2234 in
806 2173 1027 2238 consentaneis
1048 2199 1106 2239 ao-

138 2282 289 2379 tionibus.
314 2284 381 2380 aliis
408 2276 607 2355 hominibus*
624 2287 826 2379 praestandis
854 2288 914 2377 (3)
948 2291 1112 2382 ,Βοοὶφιο

137 2406 181 2474 de
204 2407 380 2497 constituto
399 2409 473 2494 jure
496 2431 590 2475 voces
613 2409 820 2500 accipiuntur
843 2409 978 2494 crebro,
1008 2434 1107 2501 prae-

115 2526 252 2593 =sertini
282 2549 349 2617 quo
379 2525 649 2619 adficeraticem
678 2527 777 2615 magis
808 2547 953 2616 mentem
983 2529 1111 2600 aceedit

136 2624 375 2732 urpumentatio
400 2644 549 2713 Platonis·
572 2647 634 2736 (4).
1071 2630 1073 2634 ’

157 2921 386 3002 ,usnemun
405 2932 465 2983 ιιι.
486 2930 520 2981 ιι.
554 2916 916 2998 of.u0'gg.xn.957.c.
957 2940 959 2945 ⁸
1001 2958 1004 2967 ,

168 3013 316 3087 12)]455
336 3016 359 3070 1
378 3017 438 3083 644.
457 3015 494 3068 D.
513 3032 574 3085 sqq.
784 3030 786 3033 ·
928 3025 930 3039 ¹

171 3088 203 3166 (Β
203 3101 214 3168 )
235 3096 318 3168 Gorg.
338 3101 397 3151 507.
417 3100 448 3151 Β.
932 3105 936 3114 ’

171 3182 224 3255 (4)
225 3181 271 3240 'Vt
296 3202 321 3236 c.-
342 3184 370 3235 in
376 3182 498 3251 'Apol,
519 3166 647 3244 Critone,
674 3177 790 3246 (iorgii3
815 3177 894 3229 ctiam
912 3175 987 3244 Reps
1010 3175 1038 3240 1,
1050 3147 1111 3227 ubi

229 3264 380 3334 dispastntio
396 3282 456 3318 cum
472 3217 673 3334 Thrseymuciro
695 3261 785 3313 habitu
803 3261 880 3330 piene
896 3259 1015 3314 indolem
1032 3254 1117 3328 spirat
1194 3290 1199 3294 -
1231 3255 1233 3261 '

233 3346 408 3404 Socraticumc
