<?xml version="1.0" encoding="UTF-8"?>
<!DOCTYPE html PUBLIC "-//W3C//DTD XHTML 1.0 Transitional//EN"
    "http://www.w3.org/TR/xhtml1/DTD/xhtml1-transitional.dtd">
<html xmlns="http://www.w3.org/1999/xhtml" xml:lang="en" lang="en">
 <head>
  <title>
</title>
<meta http-equiv="Content-Type" content="text/html;charset=utf-8" />
  <meta name='ocr-system' content='tesseract 3.04.00' />
  <meta name='ocr-capabilities' content='ocr_page ocr_carea ocr_par ocr_line ocrx_word'/>
</head>
<body>
  <div class='ocr_page' id='page_1' title='image "./historiaphiloso00vedegoog/historiaphiloso00vedegoog_0274.png"; bbox 0 0 2520 4672; ppageno 0'>
   <div class='ocr_carea' id='block_1_1' title="bbox 653 322 718 386">
    <p class='ocr_par' dir='ltr' id='par_1_1' title="bbox 653 322 718 386">
     <span class='ocr_line' id='line_1_1' title="bbox 653 322 718 386; baseline 0.015 -1"><span class='ocrx_word' id='word_1_1' title='bbox 653 322 718 386; x_wconf 78' lang='lat'><strong>264</strong></span> 
     </span>
    </p>
   </div>
   <div class='ocr_carea' id='block_1_2' title="bbox 187 530 1207 3600">
    <p class='ocr_par' dir='ltr' id='par_1_2' title="bbox 187 530 1207 3600">
     <span class='ocr_line' id='line_1_2' title="bbox 206 530 1174 617; baseline -0.001 -14"><span class='ocrx_word' id='word_1_2' title='bbox 206 536 390 603; x_wconf 88' lang='lat' dir='ltr'><strong>nominibus</strong></span> <span class='ocrx_word' id='word_1_3' title='bbox 435 549 526 599; x_wconf 84' lang='lat' dir='ltr'><strong>recte</strong></span> <span class='ocrx_word' id='word_1_4' title='bbox 579 530 817 617; x_wconf 80' lang='lat' dir='ltr'><strong>distinguendis</strong></span> <span class='ocrx_word' id='word_1_5' title='bbox 862 533 1033 600; x_wconf 83' lang='lat' dir='ltr'><strong>exordium</strong></span> <span class='ocrx_word' id='word_1_6' title='bbox 1078 536 1174 606; x_wconf 83' lang='lat' dir='ltr'><strong>sumit</strong></span> 
     </span>
     <span class='ocr_line' id='line_1_3' title="bbox 203 653 1172 748; baseline -0.004 -25"><span class='ocrx_word' id='word_1_7' title='bbox 203 653 427 748; x_wconf 87' lang='lat' dir='ltr'><strong>philosophus.</strong></span> <span class='ocrx_word' id='word_1_8' title='bbox 472 654 605 739; x_wconf 80' lang='grc' dir='ltr'><em>Ὁρῶμεν</em></span> <span class='ocrx_word' id='word_1_9' title='bbox 636 653 672 734; x_wconf 80' lang='grc' dir='ltr'><strong>δὴ</strong></span> <span class='ocrx_word' id='word_1_10' title='bbox 700 657 838 734; x_wconf 81' lang='grc' dir='ltr'><em>πάντας,</em></span> <span class='ocrx_word' id='word_1_11' title='bbox 860 653 991 742; x_wconf 84' lang='lat' dir='ltr'><strong>inquit,</strong></span> <span class='ocrx_word' id='word_1_12' title='bbox 1022 660 1082 738; x_wconf 77' lang='grc' dir='ltr'><strong>τὴν</strong></span> <span class='ocrx_word' id='word_1_13' title='bbox 1107 682 1172 722; x_wconf 86' lang='grc' dir='ltr'><em>τοι·</em></span> 
     </span>
     <span class='ocr_line' id='line_1_4' title="bbox 202 770 1173 860; baseline 0.001 -20"><span class='ocrx_word' id='word_1_14' title='bbox 202 783 298 859; x_wconf 64' lang='grc' dir='ltr'><em>αὐτην</em></span> <span class='ocrx_word' id='word_1_15' title='bbox 333 776 397 851; x_wconf 76' lang='grc' dir='ltr'><strong>Γἕξιν</strong></span> <span class='ocrx_word' id='word_1_16' title='bbox 433 772 634 860; x_wconf 73' lang='grc' dir='ltr'><em>βουλομένους</em></span> <span class='ocrx_word' id='word_1_17' title='bbox 670 771 769 851; x_wconf 74' lang='grc' dir='ltr'><em>λέγειν</em></span> <span class='ocrx_word' id='word_1_18' title='bbox 798 774 1011 857; x_wconf 71' lang='grc' dir='ltr'><em>δικαιοσύνην,</em></span> <span class='ocrx_word' id='word_1_19' title='bbox 1046 775 1103 856; x_wconf 74' lang='grc' dir='ltr'><strong>ἀφ’</strong></span> <span class='ocrx_word' id='word_1_20' title='bbox 1139 770 1173 856; x_wconf 74' lang='grc' dir='ltr'><strong>ἦ,</strong></span> 
     </span>
     <span class='ocr_line' id='line_1_5' title="bbox 200 888 1175 979; baseline 0 -21"><span class='ocrx_word' id='word_1_21' title='bbox 200 897 360 978; x_wconf 82' lang='grc' dir='ltr'><em>πρακτικοὶ</em></span> <span class='ocrx_word' id='word_1_22' title='bbox 396 897 457 959; x_wconf 82' lang='grc' dir='ltr'><strong>τῶν</strong></span> <span class='ocrx_word' id='word_1_23' title='bbox 491 892 617 957; x_wconf 83' lang='grc' dir='ltr'><em>δικαίων</em></span> <span class='ocrx_word' id='word_1_24' title='bbox 652 894 704 955; x_wconf 72' lang='grc' dir='ltr'><strong>εἶσὶ</strong></span> <span class='ocrx_word' id='word_1_25' title='bbox 717 941 727 971; x_wconf 87' lang='grc'>,</span> <span class='ocrx_word' id='word_1_26' title='bbox 760 895 811 955; x_wconf 81' lang='grc' dir='ltr'><strong>καὶ</strong></span> <span class='ocrx_word' id='word_1_27' title='bbox 842 893 895 974; x_wconf 77' lang='grc' dir='ltr'><strong>ἀφ’</strong></span> <span class='ocrx_word' id='word_1_28' title='bbox 926 888 961 974; x_wconf 77' lang='grc' dir='ltr'><strong>ἧς</strong></span> <span class='ocrx_word' id='word_1_29' title='bbox 996 895 1175 979; x_wconf 79' lang='grc' dir='ltr'><em>δικαιοπρα-</em></span> 
     </span>
     <span class='ocr_line' id='line_1_6' title="bbox 200 1010 1174 1098; baseline 0.004 -22"><span class='ocrx_word' id='word_1_30' title='bbox 200 1022 299 1092; x_wconf 73' lang='grc' dir='ltr'><em>γοῦσι,</em></span> <span class='ocrx_word' id='word_1_31' title='bbox 330 1016 380 1076; x_wconf 78' lang='grc' dir='ltr'><strong>καὶ</strong></span> <span class='ocrx_word' id='word_1_32' title='bbox 408 1011 569 1097; x_wconf 66' lang='grc' dir='ltr'><em>βούλονται</em></span> <span class='ocrx_word' id='word_1_33' title='bbox 592 1015 630 1088; x_wconf 75' lang='grc' dir='ltr'><strong>τὰ</strong></span> <span class='ocrx_word' id='word_1_34' title='bbox 658 1010 771 1075; x_wconf 85' lang='grc' dir='ltr'><em>δίκαιοι.</em></span> <span class='ocrx_word' id='word_1_35' title='bbox 795 1016 854 1078; x_wconf 77' lang='grc' dir='ltr'><strong>τὸν,</strong></span> <span class='ocrx_word' id='word_1_36' title='bbox 877 1013 969 1079; x_wconf 76' lang='grc' dir='ltr'><em>αὐτὸν</em></span> <span class='ocrx_word' id='word_1_37' title='bbox 998 1013 1031 1078; x_wconf 73' lang='grc' dir='ltr'><strong>δι’</strong></span> <span class='ocrx_word' id='word_1_38' title='bbox 1062 1019 1174 1098; x_wconf 81' lang='grc' dir='ltr'><em>τρόπον</em></span> 
     </span>
     <span class='ocr_line' id='line_1_7' title="bbox 200 1125 1174 1219; baseline 0.003 -25"><span class='ocrx_word' id='word_1_39' title='bbox 200 1135 252 1195; x_wconf 80' lang='grc' dir='ltr'><strong>καὶ</strong></span> <span class='ocrx_word' id='word_1_40' title='bbox 279 1134 345 1216; x_wconf 79' lang='grc' dir='ltr'><strong><em>περὶ</em></strong></span> <span class='ocrx_word' id='word_1_41' title='bbox 373 1131 512 1208; x_wconf 80' lang='grc' dir='ltr'><em>ἀδικίας,</em></span> <span class='ocrx_word' id='word_1_42' title='bbox 537 1128 595 1209; x_wconf 74' lang='grc' dir='ltr'><strong>’ἀφ’</strong></span> <span class='ocrx_word' id='word_1_43' title='bbox 630 1125 665 1210; x_wconf 75' lang='grc' dir='ltr'><strong>ἧς</strong></span> <span class='ocrx_word' id='word_1_44' title='bbox 691 1131 826 1195; x_wconf 75' lang='grc' dir='ltr'><em>ἀδικοῦσι</em></span> <span class='ocrx_word' id='word_1_45' title='bbox 854 1135 904 1195; x_wconf 78' lang='grc' dir='ltr'><strong>καὶ</strong></span> <span class='ocrx_word' id='word_1_46' title='bbox 939 1132 1106 1219; x_wconf 65' lang='grc' dir='ltr'><em>βούλονται</em></span> <span class='ocrx_word' id='word_1_47' title='bbox 1136 1138 1174 1198; x_wconf 77' lang='grc' dir='ltr'><strong>τά</strong></span> 
     </span>
     <span class='ocr_line' id='line_1_8' title="bbox 198 1244 1170 1337; baseline 0.004 -25"><span class='ocrx_word' id='word_1_48' title='bbox 198 1251 302 1314; x_wconf 79' lang='grc' dir='ltr'><em>ἄδικα.</em></span> <span class='ocrx_word' id='word_1_49' title='bbox 347 1248 462 1337; x_wconf 89' lang='lat' dir='ltr'><strong>Quum</strong></span> <span class='ocrx_word' id='word_1_50' title='bbox 488 1264 596 1310; x_wconf 87' lang='lat' dir='ltr'><strong>autem</strong></span> <span class='ocrx_word' id='word_1_51' title='bbox 621 1244 828 1312; x_wconf 81' lang='lat' dir='ltr'><strong>multifariam</strong></span> <span class='ocrx_word' id='word_1_52' title='bbox 855 1250 979 1334; x_wconf 85' lang='lat' dir='ltr'><strong>justitia</strong></span> <span class='ocrx_word' id='word_1_53' title='bbox 1006 1267 1039 1315; x_wconf 91' lang='lat' dir='ltr'><strong>et</strong></span> <span class='ocrx_word' id='word_1_54' title='bbox 1061 1252 1170 1336; x_wconf 89' lang='lat' dir='ltr'><strong>injus-</strong></span> 
     </span>
     <span class='ocr_line' id='line_1_9' title="bbox 198 1364 1175 1459; baseline 0.004 -28"><span class='ocrx_word' id='word_1_55' title='bbox 198 1368 270 1431; x_wconf 86' lang='lat' dir='ltr'><strong>titia</strong></span> <span class='ocrx_word' id='word_1_56' title='bbox 316 1366 491 1448; x_wconf 87' lang='lat' dir='ltr'><strong>dicantur,</strong></span> <span class='ocrx_word' id='word_1_57' title='bbox 546 1364 625 1430; x_wconf 88' lang='lat' dir='ltr'><strong>hinc</strong></span> <span class='ocrx_word' id='word_1_58' title='bbox 666 1368 895 1456; x_wconf 82' lang='lat' dir='ltr'><strong>opportunitas</strong></span> <span class='ocrx_word' id='word_1_59' title='bbox 938 1366 1016 1433; x_wconf 88' lang='lat' dir='ltr'><strong>duci</strong></span> <span class='ocrx_word' id='word_1_60' title='bbox 1053 1371 1175 1459; x_wconf 86' lang='lat' dir='ltr'><strong>poterit</strong></span> 
     </span>
     <span class='ocr_line' id='line_1_10' title="bbox 197 1479 1172 1570; baseline 0 -18"><span class='ocrx_word' id='word_1_61' title='bbox 197 1504 285 1561; x_wconf 84' lang='lat' dir='ltr'><strong>recte</strong></span> <span class='ocrx_word' id='word_1_62' title='bbox 312 1479 471 1552; x_wconf 86' lang='lat' dir='ltr'><strong>diversam</strong></span> <span class='ocrx_word' id='word_1_63' title='bbox 497 1508 607 1549; x_wconf 86' lang='lat' dir='ltr'><strong>earum</strong></span> <span class='ocrx_word' id='word_1_64' title='bbox 642 1483 857 1570; x_wconf 83' lang='lat' dir='ltr'><strong>dignoscendi</strong></span> <span class='ocrx_word' id='word_1_65' title='bbox 893 1503 1056 1552; x_wconf 82' lang='lat' dir='ltr'><strong>naturam.</strong></span> <span class='ocrx_word' id='word_1_66' title='bbox 1110 1490 1172 1553; x_wconf 89' lang='lat' dir='ltr'><strong>In-</strong></span> 
     </span>
     <span class='ocr_line' id='line_1_11' title="bbox 195 1603 1207 1692; baseline 0.006 -21"><span class='ocrx_word' id='word_1_67' title='bbox 195 1607 300 1692; x_wconf 84' lang='lat' dir='ltr'><strong>justus</strong></span> <span class='ocrx_word' id='word_1_68' title='bbox 327 1629 356 1669; x_wconf 88' lang='lat' dir='ltr'><strong>v.</strong></span> <span class='ocrx_word' id='word_1_69' title='bbox 388 1629 416 1670; x_wconf 85' lang='lat' dir='ltr'><strong>c.</strong></span> <span class='ocrx_word' id='word_1_70' title='bbox 445 1603 584 1669; x_wconf 87' lang='lat' dir='ltr'><strong>habetur</strong></span> <span class='ocrx_word' id='word_1_71' title='bbox 614 1608 633 1670; x_wconf 82' lang='lat' dir='ltr'><strong>o‘</strong></span> <span class='ocrx_word' id='word_1_72' title='bbox 662 1613 835 1691; x_wconf 78' lang='grc' dir='ltr'><em>παράνομος</em></span> <span class='ocrx_word' id='word_1_73' title='bbox 869 1622 901 1671; x_wconf 91' lang='lat' dir='ltr'><strong>et</strong></span> <span class='ocrx_word' id='word_1_74' title='bbox 926 1612 956 1673; x_wconf 80' lang='lat' dir='ltr'><strong>.o‘</strong></span> <span class='ocrx_word' id='word_1_75' title='bbox 989 1607 1175 1690; x_wconf 76' lang='grc' dir='ltr'><em>πλεονέκτης</em></span> <span class='ocrx_word' id='word_1_76' title='bbox 1203 1670 1207 1677; x_wconf 91' lang='grc'><strong>.</strong></span> 
     </span>
     <span class='ocr_line' id='line_1_12' title="bbox 196 1721 1171 1810; baseline 0.002 -20"><span class='ocrx_word' id='word_1_77' title='bbox 196 1742 230 1791; x_wconf 88' lang='lat' dir='ltr'><strong>et</strong></span> <span class='ocrx_word' id='word_1_78' title='bbox 257 1732 276 1792; x_wconf 81' lang='grc' dir='ltr'>ὁ</span> <span class='ocrx_word' id='word_1_79' title='bbox 305 1733 427 1800; x_wconf 58' lang='lat' dir='ltr'><strong>evasos:</strong></span> <span class='ocrx_word' id='word_1_80' title='bbox 461 1726 565 1808; x_wconf 84' lang='lat' dir='ltr'><strong>justus</strong></span> <span class='ocrx_word' id='word_1_81' title='bbox 592 1723 765 1808; x_wconf 83' lang='lat' dir='ltr'><strong>igiturest</strong></span> <span class='ocrx_word' id='word_1_82' title='bbox 793 1730 812 1791; x_wconf 83' lang='grc' dir='ltr'>ό</span> <span class='ocrx_word' id='word_1_83' title='bbox 836 1731 958 1810; x_wconf 81' lang='grc' dir='ltr'><em>νόμιμος</em></span> <span class='ocrx_word' id='word_1_84' title='bbox 984 1740 1016 1790; x_wconf 91' lang='lat' dir='ltr'><strong>et</strong></span> <span class='ocrx_word' id='word_1_85' title='bbox 1045 1730 1065 1791; x_wconf 83' lang='grc' dir='ltr'>ό</span> <span class='ocrx_word' id='word_1_86' title='bbox 1089 1721 1171 1807; x_wconf 79' lang='grc' dir='ltr'><em>ἶσος,</em></span> 
     </span>
     <span class='ocr_line' id='line_1_13' title="bbox 192 1840 1173 1932; baseline 0.002 -24"><span class='ocrx_word' id='word_1_87' title='bbox 192 1847 316 1930; x_wconf 87' lang='lat' dir='ltr'><strong>justum</strong></span> <span class='ocrx_word' id='word_1_88' title='bbox 346 1850 380 1911; x_wconf 80' lang='grc' dir='ltr'><strong>τὸ</strong></span> <span class='ocrx_word' id='word_1_89' title='bbox 415 1848 542 1925; x_wconf 83' lang='grc' dir='ltr'><em>νόμιμον</em></span> <span class='ocrx_word' id='word_1_90' title='bbox 570 1860 603 1909; x_wconf 85' lang='lat' dir='ltr'><strong>et</strong></span> <span class='ocrx_word' id='word_1_91' title='bbox 638 1848 672 1908; x_wconf 82' lang='grc' dir='ltr'><strong>τὸ</strong></span> <span class='ocrx_word' id='word_1_92' title='bbox 705 1840 788 1925; x_wconf 81' lang='grc' dir='ltr'><em>ῗοον,</em></span> <span class='ocrx_word' id='word_1_93' title='bbox 818 1844 980 1928; x_wconf 88' lang='lat' dir='ltr'><strong>injustum</strong></span> <span class='ocrx_word' id='word_1_94' title='bbox 1005 1849 1042 1911; x_wconf 82' lang='grc' dir='ltr'><strong>τὸ</strong></span> <span class='ocrx_word' id='word_1_95' title='bbox 1069 1853 1173 1932; x_wconf 84' lang='grc' dir='ltr'><strong><em>παρά-</em></strong></span> 
     </span>
     <span class='ocr_line' id='line_1_14' title="bbox 193 1959 1169 2053; baseline -0.002 -21"><span class='ocrx_word' id='word_1_96' title='bbox 193 1991 287 2046; x_wconf 82' lang='grc' dir='ltr'><em>νομον</em></span> <span class='ocrx_word' id='word_1_97' title='bbox 308 1968 397 2028; x_wconf 73' lang='lat' dir='ltr'><strong>et&#39;vd</strong></span> <span class='ocrx_word' id='word_1_98' title='bbox 423 1968 529 2030; x_wconf 80' lang='grc' dir='ltr'><em>ἄνισον</em></span> <span class='ocrx_word' id='word_1_99' title='bbox 559 1962 619 2048; x_wconf 81' lang='lat' dir='ltr'><strong>(l).</strong></span> <span class='ocrx_word' id='word_1_100' title='bbox 665 1962 716 2027; x_wconf 84' lang='lat' dir='ltr'><strong>Ex</strong></span> <span class='ocrx_word' id='word_1_101' title='bbox 740 1962 845 2053; x_wconf 86' lang='lat' dir='ltr'><strong>priori</strong></span> <span class='ocrx_word' id='word_1_102' title='bbox 870 1960 926 2027; x_wconf 86' lang='lat' dir='ltr'><strong>illa</strong></span> <span class='ocrx_word' id='word_1_103' title='bbox 953 1959 1169 2045; x_wconf 89' lang='lat' dir='ltr'><strong>definitione,</strong></span> 
     </span>
     <span class='ocr_line' id='line_1_15' title="bbox 196 2079 1173 2172; baseline 0.004 -27"><span class='ocrx_word' id='word_1_104' title='bbox 196 2080 287 2172; x_wconf 90' lang='lat' dir='ltr'><strong>quod</strong></span> <span class='ocrx_word' id='word_1_105' title='bbox 308 2087 326 2146; x_wconf 85' lang='grc' dir='ltr'><em>ὁ</em></span> <span class='ocrx_word' id='word_1_106' title='bbox 348 2088 520 2167; x_wconf 69' lang='grc' dir='ltr'><em>παράνομος</em></span> <span class='ocrx_word' id='word_1_107' title='bbox 543 2083 648 2156; x_wconf 79' lang='grc' dir='ltr'><em>ἄδικος</em></span> <span class='ocrx_word' id='word_1_108' title='bbox 673 2097 752 2163; x_wconf 88' lang='lat' dir='ltr'><strong>est‚.</strong></span> <span class='ocrx_word' id='word_1_109' title='bbox 766 2097 923 2172; x_wconf 79' lang='lat' dir='ltr'><strong>apparet,</strong></span> <span class='ocrx_word' id='word_1_110' title='bbox 949 2079 1043 2170; x_wconf 88' lang='lat' dir='ltr'><strong>quod</strong></span> <span class='ocrx_word' id='word_1_111' title='bbox 1065 2088 1173 2149; x_wconf 76' lang='grc' dir='ltr'><em>πάντα</em></span> 
     </span>
     <span class='ocr_line' id='line_1_16' title="bbox 192 2196 1171 2290; baseline -0.003 -22"><span class='ocrx_word' id='word_1_112' title='bbox 192 2206 232 2268; x_wconf 84' lang='grc' dir='ltr'><strong>τὰ</strong></span> <span class='ocrx_word' id='word_1_113' title='bbox 260 2207 371 2284; x_wconf 81' lang='grc' dir='ltr'><em>νόμιμά</em></span> <span class='ocrx_word' id='word_1_114' title='bbox 399 2202 461 2265; x_wconf 79' lang='grc' dir='ltr'><em>ἐστι’</em></span> <span class='ocrx_word' id='word_1_115' title='bbox 494 2226 568 2276; x_wconf 79' lang='grc' dir='ltr'><strong>πως</strong></span> <span class='ocrx_word' id='word_1_116' title='bbox 590 2201 702 2271; x_wconf 72' lang='grc' dir='ltr'><em>δίκαια,</em></span> <span class='ocrx_word' id='word_1_117' title='bbox 725 2198 785 2290; x_wconf 85' lang='grc'><strong>(2).</strong></span> <span class='ocrx_word' id='word_1_118' title='bbox 830 2196 918 2265; x_wconf 86' lang='lat' dir='ltr'><strong>Illud</strong></span> <span class='ocrx_word' id='word_1_119' title='bbox 946 2227 1008 2275; x_wconf 81' lang='grc' dir='ltr'><strong>πως</strong></span> <span class='ocrx_word' id='word_1_120' title='bbox 1037 2201 1171 2266; x_wconf 84' lang='lat' dir='ltr'><strong>vexavit</strong></span> 
     </span>
     <span class='ocr_line' id='line_1_17' title="bbox 190 2317 1168 2410; baseline 0 -24"><span class='ocrx_word' id='word_1_121' title='bbox 190 2323 407 2410; x_wconf 85' lang='lat' dir='ltr'><strong>interpretes,</strong></span> <span class='ocrx_word' id='word_1_122' title='bbox 430 2335 463 2383; x_wconf 92' lang='lat' dir='ltr'><strong>et</strong></span> <span class='ocrx_word' id='word_1_123' title='bbox 486 2319 635 2384; x_wconf 87' lang='lat' dir='ltr'><strong>Muretus</strong></span> <span class='ocrx_word' id='word_1_124' title='bbox 665 2318 714 2408; x_wconf 86' lang='lat'><strong>(3)</strong></span> <span class='ocrx_word' id='word_1_125' title='bbox 744 2317 911 2410; x_wconf 86' lang='lat' dir='ltr'><strong>duplicem</strong></span> <span class='ocrx_word' id='word_1_126' title='bbox 939 2318 1079 2385; x_wconf 81' lang='lat' dir='ltr'><strong>adstruit</strong></span> <span class='ocrx_word' id='word_1_127' title='bbox 1107 2345 1168 2386; x_wconf 83' lang='lat' dir='ltr'><strong>ex-</strong></span> 
     </span>
     <span class='ocr_line' id='line_1_18' title="bbox 188 2436 1205 2532; baseline -0.004 -29"><span class='ocrx_word' id='word_1_128' title='bbox 188 2437 338 2532; x_wconf 87' lang='lat' dir='ltr'><strong>plicandi</strong></span> <span class='ocrx_word' id='word_1_129' title='bbox 372 2438 550 2519; x_wconf 86' lang='lat' dir='ltr'><strong>rationem,</strong></span> <span class='ocrx_word' id='word_1_130' title='bbox 589 2436 724 2502; x_wconf 83' lang='lat' dir='ltr'><strong>alteram</strong></span> <span class='ocrx_word' id='word_1_131' title='bbox 752 2463 771 2503; x_wconf 89' lang='lat' dir='ltr'>a</span> <span class='ocrx_word' id='word_1_132' title='bbox 797 2436 962 2503; x_wconf 69' lang='lat' dir='ltr'><strong>Michaele</strong></span> <span class='ocrx_word' id='word_1_133' title='bbox 997 2438 1166 2526; x_wconf 76' lang='lat' dir='ltr'><strong>Ephesio,</strong></span> <span class='ocrx_word' id='word_1_134' title='bbox 1182 2494 1205 2499; x_wconf 90' lang='lat'><strong>..</strong></span> 
     </span>
     <span class='ocr_line' id='line_1_19' title="bbox 190 2556 1169 2648; baseline 0.002 -24"><span class='ocrx_word' id='word_1_135' title='bbox 190 2556 324 2624; x_wconf 81' lang='lat' dir='ltr'><strong>alteram</strong></span> <span class='ocrx_word' id='word_1_136' title='bbox 361 2583 379 2621; x_wconf 88' lang='lat' dir='ltr'>a</span> <span class='ocrx_word' id='word_1_137' title='bbox 413 2557 496 2622; x_wconf 88' lang='lat' dir='ltr'><strong>Divo</strong></span> <span class='ocrx_word' id='word_1_138' title='bbox 533 2556 663 2621; x_wconf 90' lang='lat' dir='ltr'><strong>Thoma</strong></span> <span class='ocrx_word' id='word_1_139' title='bbox 689 2559 899 2648; x_wconf 87' lang='lat' dir='ltr'><strong>propositam.</strong></span> <span class='ocrx_word' id='word_1_140' title='bbox 959 2557 1062 2646; x_wconf 91' lang='lat' dir='ltr'><strong>Quod</strong></span> <span class='ocrx_word' id='word_1_141' title='bbox 1100 2558 1169 2626; x_wconf 86' lang='lat' dir='ltr'><strong>sere</strong></span> 
     </span>
     <span class='ocr_line' id='line_1_20' title="bbox 189 2674 1170 2766; baseline 0.001 -24"><span class='ocrx_word' id='word_1_142' title='bbox 189 2675 264 2742; x_wconf 80' lang='lat' dir='ltr'><strong>fieri</strong></span> <span class='ocrx_word' id='word_1_143' title='bbox 291 2674 389 2758; x_wconf 89' lang='lat' dir='ltr'><strong>solet,</strong></span> <span class='ocrx_word' id='word_1_144' title='bbox 413 2693 467 2754; x_wconf 88' lang='lat' dir='ltr'><strong>ut,</strong></span> <span class='ocrx_word' id='word_1_145' title='bbox 493 2699 576 2765; x_wconf 87' lang='lat' dir='ltr'><strong>quae</strong></span> <span class='ocrx_word' id='word_1_146' title='bbox 600 2699 704 2765; x_wconf 89' lang='lat' dir='ltr'><strong>prope</strong></span> <span class='ocrx_word' id='word_1_147' title='bbox 730 2676 771 2740; x_wconf 91' lang='lat' dir='ltr'><strong>ob</strong></span> <span class='ocrx_word' id='word_1_148' title='bbox 800 2674 908 2742; x_wconf 88' lang='lat' dir='ltr'><strong>oeulos</strong></span> <span class='ocrx_word' id='word_1_149' title='bbox 933 2677 1040 2766; x_wconf 88' lang='lat' dir='ltr'><strong>posita</strong></span> <span class='ocrx_word' id='word_1_150' title='bbox 1068 2696 1170 2761; x_wconf 83' lang='lat' dir='ltr'><strong>sunt,</strong></span> 
     </span>
     <span class='ocr_line' id='line_1_21' title="bbox 188 2788 1168 2882; baseline 0 -20"><span class='ocrx_word' id='word_1_151' title='bbox 188 2793 392 2881; x_wconf 84' lang='lat' dir='ltr'><strong>negligantur</strong></span> <span class='ocrx_word' id='word_1_152' title='bbox 417 2788 673 2882; x_wconf 87' lang='lat' dir='ltr'><strong>longinquorum</strong></span> <span class='ocrx_word' id='word_1_153' title='bbox 694 2794 813 2879; x_wconf 84' lang='lat' dir='ltr'><strong>gratia,</strong></span> <span class='ocrx_word' id='word_1_154' title='bbox 835 2792 871 2859; x_wconf 91' lang='lat' dir='ltr'><strong>id</strong></span> <span class='ocrx_word' id='word_1_155' title='bbox 899 2794 954 2860; x_wconf 88' lang='lat' dir='ltr'><strong>hio</strong></span> <span class='ocrx_word' id='word_1_156' title='bbox 981 2794 1081 2860; x_wconf 84' lang='lat' dir='ltr'><strong>etiam</strong></span> <span class='ocrx_word' id='word_1_157' title='bbox 1101 2798 1168 2862; x_wconf 90' lang='lat' dir='ltr'><strong>ob-</strong></span> 
     </span>
     <span class='ocr_line' id='line_1_22' title="bbox 188 2912 1170 3004; baseline 0.004 -25"><span class='ocrx_word' id='word_1_158' title='bbox 188 2915 298 2980; x_wconf 89' lang='lat' dir='ltr'><strong>tinuit.</strong></span> <span class='ocrx_word' id='word_1_159' title='bbox 358 2913 462 2977; x_wconf 82' lang='lat' dir='ltr'><strong>Causa</strong></span> <span class='ocrx_word' id='word_1_160' title='bbox 497 2913 605 2994; x_wconf 89' lang='lat' dir='ltr'><strong>enim‚</strong></span> <span class='ocrx_word' id='word_1_161' title='bbox 643 2936 701 2978; x_wconf 87' lang='lat' dir='ltr'><strong>cur</strong></span> <span class='ocrx_word' id='word_1_162' title='bbox 742 2912 905 3004; x_wconf 82' lang='lat' dir='ltr'><strong>particula</strong></span> <span class='ocrx_word' id='word_1_163' title='bbox 939 2912 1068 3000; x_wconf 82' lang='lat' dir='ltr'><strong>adjectu</strong></span> <span class='ocrx_word' id='word_1_164' title='bbox 1105 2919 1170 3001; x_wconf 85' lang='lat' dir='ltr'><strong>sit,</strong></span> 
     </span>
     <span class='ocr_line' id='line_1_23' title="bbox 187 3031 1168 3127; baseline 0.004 -28"><span class='ocrx_word' id='word_1_165' title='bbox 187 3031 224 3099; x_wconf 87' lang='lat' dir='ltr'><strong>in</strong></span> <span class='ocrx_word' id='word_1_166' title='bbox 249 3049 409 3127; x_wconf 88' lang='lat' dir='ltr'><strong>promptu</strong></span> <span class='ocrx_word' id='word_1_167' title='bbox 436 3048 485 3096; x_wconf 91' lang='lat' dir='ltr'><strong>est</strong></span> <span class='ocrx_word' id='word_1_168' title='bbox 512 3048 544 3096; x_wconf 87' lang='lat' dir='ltr'><strong>et</strong></span> <span class='ocrx_word' id='word_1_169' title='bbox 565 3031 711 3121; x_wconf 79' lang='lat' dir='ltr'><strong>proxime</strong></span> <span class='ocrx_word' id='word_1_170' title='bbox 734 3032 962 3122; x_wconf 83' lang='lat' dir='ltr'><strong>subsequitur:</strong></span> <span class='ocrx_word' id='word_1_171' title='bbox 987 3042 1028 3100; x_wconf 82' lang='grc' dir='ltr'><strong>τά</strong></span> <span class='ocrx_word' id='word_1_172' title='bbox 1050 3062 1082 3101; x_wconf 80' lang='grc' dir='ltr'><strong>τε</strong></span> <span class='ocrx_word' id='word_1_173' title='bbox 1107 3043 1168 3125; x_wconf 72' lang='grc' dir='ltr'><strong>γὰρ</strong></span> 
     </span>
     <span class='ocr_line' id='line_1_24' title="bbox 189 3154 1170 3253; baseline 0.003 -34"><span class='ocrx_word' id='word_1_174' title='bbox 189 3154 339 3253; x_wconf 59' lang='grc' dir='ltr'><em>ὡρισμένοι</em></span> <span class='ocrx_word' id='word_1_175' title='bbox 352 3156 410 3218; x_wconf 82' lang='grc' dir='ltr'><strong>ὑπὸ</strong></span> <span class='ocrx_word' id='word_1_176' title='bbox 432 3158 484 3235; x_wconf 82' lang='grc' dir='ltr'><strong>τὴς</strong></span> <span class='ocrx_word' id='word_1_177' title='bbox 508 3160 725 3235; x_wconf 74' lang='grc' dir='ltr'><em>νομοθετικῆς,</em></span> <span class='ocrx_word' id='word_1_178' title='bbox 748 3159 860 3235; x_wconf 78' lang='grc' dir='ltr'><em>νόμιμά</em></span> <span class='ocrx_word' id='word_1_179' title='bbox 881 3157 954 3218; x_wconf 74' lang='grc' dir='ltr'><em>ἔστι·</em></span> <span class='ocrx_word' id='word_1_180' title='bbox 968 3157 1021 3218; x_wconf 84' lang='grc' dir='ltr'><strong>καὶ</strong></span> <span class='ocrx_word' id='word_1_181' title='bbox 1035 3155 1170 3225; x_wconf 67' lang='grc' dir='ltr'><strong>’ἕκαστον</strong></span> 
     </span>
     <span class='ocr_line' id='line_1_25' title="bbox 187 3267 1171 3357; baseline 0.002 -17"><span class='ocrx_word' id='word_1_182' title='bbox 187 3282 303 3342; x_wconf 64' lang='grc' dir='ltr'><em>τούτων</em></span> <span class='ocrx_word' id='word_1_183' title='bbox 319 3274 437 3338; x_wconf 77' lang='grc' dir='ltr'><em>δίκαιον</em></span> <span class='ocrx_word' id='word_1_184' title='bbox 459 3267 536 3338; x_wconf 77' lang='grc' dir='ltr'><em>εἶναι</em></span> <span class='ocrx_word' id='word_1_185' title='bbox 556 3273 666 3353; x_wconf 76' lang='grc' dir='ltr'><strong>φαμέν.</strong></span> <span class='ocrx_word' id='word_1_186' title='bbox 698 3271 816 3336; x_wconf 83' lang='lat' dir='ltr'><strong>Omnia</strong></span> <span class='ocrx_word' id='word_1_187' title='bbox 829 3268 970 3356; x_wconf 85' lang='lat' dir='ltr'><strong>legitima</strong></span> <span class='ocrx_word' id='word_1_188' title='bbox 984 3274 1072 3357; x_wconf 87' lang='lat' dir='ltr'><strong>justa</strong></span> <span class='ocrx_word' id='word_1_189' title='bbox 1088 3293 1171 3342; x_wconf 85' lang='lat' dir='ltr'><strong>sunt</strong></span> 
     </span>
     <span class='ocr_line' id='line_1_26' title="bbox 187 3387 1169 3482; baseline 0.006 -26"><span class='ocrx_word' id='word_1_190' title='bbox 187 3388 437 3482; x_wconf 72' lang='lat' dir='ltr'><strong>quodammodo,</strong></span> <span class='ocrx_word' id='word_1_191' title='bbox 468 3387 537 3456; x_wconf 89' lang='lat' dir='ltr'><strong>scil.</strong></span> <span class='ocrx_word' id='word_1_192' title='bbox 562 3412 597 3453; x_wconf 88' lang='lat' dir='ltr'><strong>eo</strong></span> <span class='ocrx_word' id='word_1_193' title='bbox 625 3413 742 3473; x_wconf 81' lang='lat' dir='ltr'><strong>sensu,</strong></span> <span class='ocrx_word' id='word_1_194' title='bbox 765 3414 828 3480; x_wconf 81' lang='lat' dir='ltr'><strong>quo</strong></span> <span class='ocrx_word' id='word_1_195' title='bbox 857 3393 1006 3480; x_wconf 83' lang='lat' dir='ltr'><strong>legitima</strong></span> <span class='ocrx_word' id='word_1_196' title='bbox 1039 3399 1169 3463; x_wconf 73' lang='lat' dir='ltr'><strong>existi-</strong></span> 
     </span>
     <span class='ocr_line' id='line_1_27' title="bbox 188 3510 1166 3600; baseline 0.003 -22"><span class='ocrx_word' id='word_1_197' title='bbox 188 3521 324 3578; x_wconf 81' lang='lat' dir='ltr'><strong>mantur</strong></span> <span class='ocrx_word' id='word_1_198' title='bbox 338 3534 394 3592; x_wconf 82' lang='lat' dir='ltr'><strong>ea,</strong></span> <span class='ocrx_word' id='word_1_199' title='bbox 417 3533 503 3598; x_wconf 81' lang='lat' dir='ltr'><strong>quae</strong></span> <span class='ocrx_word' id='word_1_200' title='bbox 523 3514 705 3576; x_wconf 74' lang='lat' dir='ltr'><strong>uenientia</strong></span> <span class='ocrx_word' id='word_1_201' title='bbox 730 3512 839 3600; x_wconf 79' lang='lat' dir='ltr'><strong>legum</strong></span> <span class='ocrx_word' id='word_1_202' title='bbox 852 3510 1082 3598; x_wconf 76' lang='lat' dir='ltr'><strong>ferendarum</strong></span> <span class='ocrx_word' id='word_1_203' title='bbox 1103 3514 1166 3581; x_wconf 82' lang='lat' dir='ltr'><strong>de-</strong></span> 
     </span>
    </p>
   </div>
   <div class='ocr_carea' id='block_1_3' title="bbox 174 3685 546 3703">
    <p class='ocr_par' dir='ltr' id='par_1_3' title="bbox 174 3685 546 3703">
     <span class='ocr_line' id='line_1_28' title="bbox 174 3685 546 3703; baseline -0.011 -3"><span class='ocrx_word' id='word_1_204' title='bbox 174 3685 546 3703; x_wconf 51' lang='lat' dir='ltr'>w</span> 
     </span>
    </p>
   </div>
   <div class='ocr_carea' id='block_1_4' title="bbox 215 3752 1176 4073">
    <p class='ocr_par' dir='ltr' id='par_1_4' title="bbox 217 3752 705 3826">
     <span class='ocr_line' id='line_1_29' title="bbox 217 3752 705 3826; baseline -0.006 -19"><span class='ocrx_word' id='word_1_205' title='bbox 217 3757 259 3826; x_wconf 77' lang='lat'><strong>(1)</strong></span> <span class='ocrx_word' id='word_1_206' title='bbox 280 3758 362 3809; x_wconf 83' lang='lat' dir='ltr'><strong>Arist.</strong></span> <span class='ocrx_word' id='word_1_207' title='bbox 382 3755 489 3807; x_wconf 85' lang='lat' dir='ltr'><strong>Nicom.</strong></span> <span class='ocrx_word' id='word_1_208' title='bbox 509 3752 545 3805; x_wconf 90' lang='lat' dir='ltr'><strong>V.</strong></span> <span class='ocrx_word' id='word_1_209' title='bbox 563 3755 589 3806; x_wconf 87' lang='lat'><strong>2:</strong></span> <span class='ocrx_word' id='word_1_210' title='bbox 610 3755 652 3806; x_wconf 90' lang='lat'><strong>58.</strong></span> <span class='ocrx_word' id='word_1_211' title='bbox 671 3752 705 3805; x_wconf 89' lang='lat' dir='ltr'><strong>E.</strong></span> 
     </span>
    </p>

    <p class='ocr_par' dir='ltr' id='par_1_5' title="bbox 215 3837 593 3908">
     <span class='ocr_line' id='line_1_30' title="bbox 215 3837 593 3908; baseline 0 -18"><span class='ocrx_word' id='word_1_212' title='bbox 215 3841 256 3908; x_wconf 80' lang='lat'><strong>(2)</strong></span> <span class='ocrx_word' id='word_1_213' title='bbox 277 3839 381 3891; x_wconf 85' lang='lat' dir='ltr'><strong>Nicom.</strong></span> <span class='ocrx_word' id='word_1_214' title='bbox 401 3837 437 3890; x_wconf 86' lang='lat' dir='ltr'><strong>V.</strong></span> <span class='ocrx_word' id='word_1_215' title='bbox 457 3840 482 3890; x_wconf 81' lang='lat'><strong>3.</strong></span> <span class='ocrx_word' id='word_1_216' title='bbox 502 3839 545 3890; x_wconf 84' lang='lat'><strong>59.</strong></span> <span class='ocrx_word' id='word_1_217' title='bbox 563 3837 593 3890; x_wconf 89' lang='grc' dir='ltr'><strong>Β.</strong></span> 
     </span>
    </p>

    <p class='ocr_par' dir='ltr' id='par_1_6' title="bbox 216 3919 1176 4073">
     <span class='ocr_line' id='line_1_31' title="bbox 216 3919 1176 3992; baseline 0.004 -18"><span class='ocrx_word' id='word_1_218' title='bbox 216 3925 257 3992; x_wconf 77' lang='grc'><strong>(3)</strong></span> <span class='ocrx_word' id='word_1_219' title='bbox 276 3921 375 3972; x_wconf 81' lang='lat' dir='ltr'><strong>Muret.</strong></span> <span class='ocrx_word' id='word_1_220' title='bbox 401 3921 429 3972; x_wconf 90' lang='lat' dir='ltr'><strong>in</strong></span> <span class='ocrx_word' id='word_1_221' title='bbox 455 3921 537 3973; x_wconf 80' lang='lat' dir='ltr'><strong>Arist.</strong></span> <span class='ocrx_word' id='word_1_222' title='bbox 563 3919 628 3973; x_wconf 90' lang='lat' dir='ltr'><strong>Eth.</strong></span> <span class='ocrx_word' id='word_1_223' title='bbox 647 3920 750 3974; x_wconf 84' lang='lat' dir='ltr'><strong>Comm.</strong></span> <span class='ocrx_word' id='word_1_224' title='bbox 770 3922 841 3992; x_wconf 83' lang='lat' dir='ltr'><strong>Opp.</strong></span> <span class='ocrx_word' id='word_1_225' title='bbox 861 3923 903 3977; x_wconf 80' lang='lat' dir='ltr'><strong>ed·</strong></span> <span class='ocrx_word' id='word_1_226' title='bbox 922 3919 1035 3975; x_wconf 75' lang='lat' dir='ltr'><strong>uhunk.</strong></span> <span class='ocrx_word' id='word_1_227' title='bbox 1053 3923 1092 3976; x_wconf 88' lang='grc' dir='ltr'><strong>Τ.</strong></span> <span class='ocrx_word' id='word_1_228' title='bbox 1113 3922 1176 3981; x_wconf 85' lang='lat' dir='ltr'><strong>ttl.</strong></span> 
     </span>
     <span class='ocr_line' id='line_1_32' title="bbox 276 4006 1172 4073; baseline -0.006 -17"><span class='ocrx_word' id='word_1_229' title='bbox 276 4006 430 4073; x_wconf 58' lang='lat' dir='ltr'><strong>psttsq.</strong></span> <span class='ocrx_word' id='word_1_230' title='bbox 735 4036 739 4047; x_wconf 90' lang='lat'>·</span> <span class='ocrx_word' id='word_1_231' title='bbox 1073 4044 1076 4049; x_wconf 97' lang='lat'><strong>.</strong></span> <span class='ocrx_word' id='word_1_232' title='bbox 1125 4024 1172 4051; x_wconf 90' lang='lat'><strong>·.</strong></span> 
     </span>
    </p>
   </div>
   <div class='ocr_carea' id='block_1_5' title="bbox 0 0 1264 4672">
    <p class='ocr_par' dir='ltr' id='par_1_7' title="bbox 0 0 1264 4672">
     <span class='ocr_line' id='line_1_33' title="bbox 0 0 1264 4672; baseline 0 3"><span class='ocrx_word' id='word_1_233' title='bbox 0 0 1264 4672; x_wconf 95' lang='lat' dir='ltr'><strong> </strong></span> 
     </span>
    </p>
   </div>
  </div>
 </body>
</html>
