2520 4672
519 324 577 389 143

63 537 194 620 silium,
225 559 293 601 non
318 533 481 620 intelligo,
514 558 574 600 cur
601 557 716 605 omues,
734 533 815 603 adeo
834 551 1031 617 tenerentur
1124 615 1127 623 ¹

66 647 320 748 philosophum,
356 679 415 722 cur
449 656 521 744 ipso
555 652 686 720 tandem
717 653 876 744 Apollinis
901 655 1034 725 oraculo

63 776 318 868 sapientissimus
333 773 492 839 habeatur
513 775 657 839 omnium
677 771 879 860 mortalium}
904 775 954 840 sin
968 799 1031 840 au·

64 868 149 977 tem,
175 892 242 984 qua
262 893 386 960 ratione
407 894 531 983 patriae
552 891 703 983 prodesse
725 894 786 959 sibi
807 892 1029 984 proposuerit,

66 1013 191 1098 cogito,
214 1034 283 1077 non
307 1014 443 1079 veneror
463 1011 586 1095 solum,
609 1010 667 1078 sed
688 1009 788 1097 diligo
807 1012 981 1079 hominem.

110 1129 258 1197 Socrates
280 1128 343 1195 suit
361 1123 526 1222 popularis
548 1148 582 1197 et
601 1155 675 1199 vere
697 1133 860 1222 practicus
882 1131 1038 1222 philem-‘⁴

64 1249 174 1341 phns,
206 1251 266 1339 qui
295 1272 362 1314 non
383 1249 513 1316 intloco
535 1277 552 1314 a
575 1251 786 1317 conventibus
808 1249 948 1342 puhlicis
976 1275 1045 1318 see-¹

65 1385 175 1448 creto,
211 1388 326 1434 verum
354 1367 494 1435 docebat
520 1370 556 1432 in
585 1366 675 1452 foro,
705 1392 772 1445 non
794 1368 836 1436 de
856 1369 1037 1451 virtutibus·
1142 1407 1143 1410 =

14 1488 17 1493 ’
65 1486 216 1569 universe
244 1503 277 1552 et
297 1487 381 1555 vitiis
405 1484 612 1577 disputabat,
635 1511 748 1554 verum
768 1486 982 1555 invehebatur
995 1489 1033 1554 in
1071 1546 1076 1551 .

63 1631 103 1672 ea
130 1602 215 1687 sola,
228 1603 373 1695 ,quibus
388 1605 525 1671 maxime
549 1602 737 1670 laborarent
758 1605 808 1668 sui
831 1605 933 1687 cives,
963 1629 1034 1671 non

48 1720 245 1811 'rationibus
265 1721 361 1810 longe
384 1724 494 1813 petitis
518 1721 732 1809 confirmabat
747 1721 949 1806 doctrinam,
971 1747 1031 1791 ve-

63 1866 140 1909 rum
173 1843 231 1924 iia,
269 1865 349 1930 quas
385 1839 601 1926 intelligerent
632 1865 668 1906 ac
696 1842 874 1932 probarent
901 1866 1035 1927 cuntes,¹
1075 1863 1097 1905 .’

62 1984 135 2047 non¹
155 1960 388 2047 acuti'ingenii
408 1961 593 2026 sectabatur
619 1959 812 2054 gloriolam,
826 1985 937 2030 verum
958 1956 1036 2031 ste-5

11 2146 16 2155 ,
47 2054 158 2146 ‘atem
175 2076 469 2171 cotebaspubncae
487 2077 662 2145 uhtaus..
690 2078 799 2163 tuem,
820 2082 849 2146 si
866 2078 927 2147 atio
946 2098 1036 2150 tem-

60 2223 143 2291 pore
171 2199 319 2281 vixisset,
349 2197 426 2263 alias
454 2197 619 2282 adtigisset
646 2201 866 2288 quaestiones,
883 2199 958 2267 alie
979 2203 1034 2272 via
1071 2236 1076 2255 -·

59 2333 243 2408 tuperasset
263 2317 360 2399 vitia,
384 2314 445 2392 alia
472 2316 590 2408 placita
612 2319 821 2407 probavisset.

105 2435 209 2527 Quod
244 2434 436 2527 disciplinae
468 2435 695 2527 Sophistarum
729 2438 903 2523 originem,
939 2461 1032 2505 sum-
1072 2466 1075 2471 ·

60 2578 149 2620 mam
176 2570 210 2620 et
231 2555 411 2622 'efficaciam
434 2556 566 2622 uberius
593 2553 827 2646 explicuimus,
849 2556 917 2623 huc
936 2582 1030 2643 egre-

59 2677 109 2762 gie
143 2671 254 2741 facite
277 2674 424 2742 Socrates
452 2676 578 2761 juvenis
610 2674 778 2743 audiverat
806 2677 972 2768 principes
997 2694 1036 2745 et·

57 2791 211 2885 quotidie
234 2778 350 2878 'magis
391 2791 542 2877 ridebat,
580 2813 783 2886 quantopere
816 2793 1039 2886 deppavatent·

55 2903 200 2995 mores,
218 2934 328 2979 veram
353 2911 566 2978 obscurarent
590 2911 831 3004 philosophiam
851 2930 888 2980 et·
904 2937 1034 2989 omnem

55 3042 194 3098 sensum
214 3032 300 3113 veri,
328 3028 436 3120 pulcri
464 3056 501 3098 ac
529 3031 658 3121 hotpsti
684 3033 816 3122 penitus
844 3032 1031 3118 exstinque-

52 3169 160 3247 rent3
192 3151 249 3217 Hie
271 3173 304 3217 se
330 3173 496 3242 opponere
522 3152 690 3218 constituit
711 3168 744 3217 et
770 3149 1031 3242 minuendo.ip-.

50 3294 173 3369 sorum
193 3271 418 3345 auctoritatem
444 3271 509 3337 vim
532 3269 661 3354 tollere,
685 3293 784 3361 quam
809 3268 1040 3361 inipuhlicam.

51 3411 90 3460 et
116 3392 281 3482 privatam
307 3390 557 3458 Atheniensium
584 3392 683 3458 vitam
709 3406 910 3456 exercerent.
953 3388 1031 3455 Pri·
1104 3449 1107 3454 .

46 3535 152 3579 mum
188 3510 288 3605 igittu
324 3507 492 3593 doctores,
530 3507 647 3576 deinde
683 3507 867 3575 doctrinam
900 3506 1032 3573 adortus

48 3645 115 3699 est.
139 3624 365 3717 ‚Aviditatem
400 3628 558 3717 imprimis
592 3628 783 3718 perstrinxit
813 3644 846 3693 et
873 3648 1029 3710 arrogan-
1063 3676 1066 3680 Α

46 3749 147 3837 ῑίειιῐιΙ
176 3743 424 3836 Sophistarum:
460 3769 574 3815 verum
604 3769 672 3812 non
697 3745 770 3812 solis
798 3743 1030 3834 disputationi·¹
1057 3796 1062 3803 .

44 3840 149 3949 bus,
168 3860 226 3947 sed
247 3865 397 3932 universe
424 3865 506 3933 vitae
534 3865 657 3932 ratione
686 3862 913 3954 sophistarum
928 3884 1052 3951 acerr

44 3987 197 4069 rimam„
213 4007 248 4053 se
283 3978 436 4076 praebitit
469 3981 695 4054 adversarium.
741 3983 828 4059 Dum
854 3981 907 4050 isti
934 3979 1049 4067 ditis-A
