2520 4672
594 292 763 374 239*

141 506 223 595 justi
255 501 452 572 simulacriaz
486 518 694 593 ¹quapropter
729 497 843 567 sedulo
877 500 911 568 id
948 502 1111 576 custodire

141 650 201 694 nos
224 640 370 715 oportet,
393 629 449 706 τὴν
470 626 522 689 τοῦ
545 599 598 688 νοῦ
623 621 769 705 διανομὴν
790 622 1030 705 ἐπονομάζοντας
1051 631 1107 692 ro·
1212 601 1214 606 Ι

138 773 200 829 μον
239 743 298 832 (l).
345 742 460 815 Tertio
485 739 687 837 significatur
716 741 854 826 justitia,
890 766 975 831 quae
1009 741 1108 810 solitis

138 862 343 953 reliquorum
383 859 652 950 philosophorum
690 857 962 950 disputationibus
1001 861 1106 928 habe-

139 999 213 1064 tur,
252 1004 336 1070 quae
364 1003 439 1068 pars
468 977 612 1072 capitalrs
644 987 691 1044 'est
722 980 865 1060 virtutis,
897 981 935 1044 in
968 998 1108 1069 quatuor

138 1073 248 1193 partes
283 1097 487 1165 distributae.
534 1097 627 1164 Hanc
657 1098 857 1188 saepissime,
891 1095 953 1164 rel'
974 1100 1039 1166 imo
1071 1102 1108 1167 in

139 1213 439 1286 ratiocinationibus
468 1215 509 1281 de
531 1217 677 1283 interiori
696 1217 838 1304 justitiae
859 1215 987 1302 indole,
1015 1245 1107 1285 nun-

138 1355 242 1430 cupat
277 1334 386 1418 Plato,
428 1335 541 1424 eique,
584 1335 730 1423 quamvis
756 1334 910 1421 ,ejusdem
945 1338 1110 1405 notionem

135 1456 297 1541 corrigere
333 1451 497 1536 etuderet,
536 1453 688 1519 orationis
724 1471 830 1520 tamen
862 1457 964 1541 gratita
994 1455 1108 1544 vulga—
1165 1496 1174 1508 ·

138 1600 210 1641 rem
236 1597 370 1640 sensum
392 1572 535 1639 tribuere
556 1574 686 1664 pergit.
730 1575 847 1639 Oritur
876 1578 945 1661 ejus
974 1575 1106 1645 deside-

136 1696 227 1790 rium
248 1689 345 1761 simul
367 1716 442 1758 cum
465 1693 591 1760 civitate
615 1691 784 1758 hominum
804 1692 914 1760 studio
937 1696 998 1760 sibi
1024 1722 1106 1764 con-

136 1797 244 1882 sulere
269 1811 478 1895 conantium,
500 1828 535 1877 et
555 1812 591 1877 in
613 1808 833 1901 qualicunque
857 1814 1006 1906 societate
1025 1840 1105 1906 per-

137 1946 241 2063 petua
273 1946 321 2009 est
335 1927 462 2017 legum
495 1931 742 2021 procreatrix,
757 1955 840 2021 quae
874 1930 909 1998 id
936 1951 1105 2025 spectant,

136 2032 408 2136 utiingulorum
438 2049 607 2116 commoda
635 2049 800 2117 communi
825 2044 940 2119 salute
954 2076 1106 2145 compre-

136 2167 328 2236 hendantur
353 2168 425 2258 (2);
451 2169 597 2236 consistit
620 2188 728 2236 autem
749 2169 785 2232 in
805 2171 1026 2237 consentaneis
1048 2197 1105 2238 ac·
1160 2183 1162 2191 '

138 2280 289 2379 tionibus.
313 2284 381 2380 aliis
407 2276 606 2355 hominihus¹
625 2286 826 2379 praestandis
853 2287 914 2376 (3)
948 2290 1108 2380 Denique

136 2406 182 2475 de
204 2407 379 2474 constituto
399 2409 472 2493 jure
495 2431 590 2475 voces
613 2408 820 2499 accipiuntur
843 2408 978 2492 crebro,
1008 2432 1108 2498 prae-

115 2527 251 2594 ·se'rtini
282 2549 349 2616 quo
379 2525 420 2592 ad
435 2526 649 2619 ‚Socraticam
677 2527 783 2614 magis.
808 2545 952 2595 mentem
982 2528 1111 2611 accedit

136 2645 374 2793 argumentatio
400 2645 549 2717 Platonis
572 2647 633 2736 (4).
1071 2627 1073 2633 ¹

166 2870 224 3000 (l)·
233 2929 314 3001 lagg.
334 2929 386 2982 ir.
404 2884 465 2983 rit.
486 2930 520 2981 A·
554 2929 598 2982 cf.
617 2927 697 2998 Lagg
717 2927 959 2981 X11.957.c.

168 3014 786 3089 (2)Legg.1.ett.1).aqq.·

170 3090 213 3168 (Β)
235 3096 318 3169 Gorg
337 3099 397 3152 507.
417 3100 448 3167 Β.
932 3103 936 3113 ’

170 3182 228 3256 (i)
227 3181 271 3239 V.
296 3203 321 3236 e.
341 3185 369 3235 in
376 3182 498 3252 'Apol.·,
519 3167 647 3244 Critone,
674 3175 790 3246 (lorgii,
815 3175 894 3228 etiam
912 3173 988 3242 Repr
1010 3173 1039 3239 1,
1050 3145 1111 3225 nbi

232 3266 380 3335 disputant>
396 3282 456 3320 cnm
473 3260 673 3334 Thrasymacho
695 3261 785 3313 habita
803 3259 880 3329 plane
896 3257 1015 3313 indolem
1032 3253 1116 3327 spirat
1194 3287 1199 3293 -
1230 3253 1233 3259 ’

233 3346 408 3403 Socraticam<
1130 3351 1132 3356 ·
