2520 4672
644 321 719 399 Ι148

214 553 298 605 tutes
329 538 487 600 scientias
517 555 583 598 csse
616 529 756 597 dixerits
789 528 887 595 modo
916 529 1004 596 enim
1031 528 1187 616 objurgat

214 656 342 745 ipsum,
375 649 466 744 quod
494 651 534 716 ab
562 648 661 716 alteria
688 667 780 740 parte
808 649 925 731 mentis
952 651 1088 717 avocata
1115 651 1185 717 vir·

212 789 301 855 tute,
334 770 376 837 ad
410 768 510 834 solam
546 767 680 836 alteram
712 792 782 833 eam
810 765 960 834 retulerit
986 766 1055 857 (1),
1088 764 1187 833 modo

173 866 178 878 Ι
212 907 331 958 temere
369 885 521 955 concludi
557 890 728 978 opinatur,
766 886 858 977 quod
895 887 1090 977 quicunque
1118 907 1183 950 no-

111 1092 114 1102 ,
211 1009 272 1101 rit¹
292 1007 467 1089 virtutem,
504 1007 533 1072 ei
568 1007 766 1096 obsequatur
792 996 873 1096 ¹(2),
909 1004 1007 1071 modo
1046 1026 1089 1069 ex
1125 1001 1187 1069 hac

212 1127 392 1208 sententia,
429 1126 456 1189 si
490 1148 564 1191 vera
599 1141 696 1206 esset,
734 1148 826 1214 posse
859 1125 975 1190 merito
1003 1122 1112 1209 effici,
1150 1136 1188 1185 ut

213 1269 253 1311 ex
280 1245 338 1310 suia
360 1242 494 1334 proprii
522 1241 687 1309 voluntate
710 1242 931 1308 nemobonus
954 1238 1099 1307 malusve
1124 1238 1182 1320 sit,

214 1361 471 1450 contendit”(,3).
516 1359 583 1427 Sed
615 1360 779 1443 Socrates,
812 1378 975 1452 quantum·
999 1357 1184 1449 quideme

210 1479 429 1570 Xenophonte
457 1480 622 1561 novimus,
652 1458 825 1569 nunquain
852 1481 973 1544 animae
999 1495 1113 1569 partes
1140 1477 1186 1544 ita

212 1595 380 1682 distinxit,
409 1615 447 1663 ut
474 1584 642 1688 putandus
664 1599 763 1664 sitin
786 1584 942 1664 alterutri
964 1580 1098 1679 earum',
1127 1620 1184 1663 re-

211 1714 311 1808 liquis
342 1714 497 1800 exclusis,
536 1718 664 1784 virtutis
695 1715 805 1782 sedem
837 1713 1055 1783 collocavisse:
1095 1712 1184 1781 hanc

209 1833 340 1902 sortasse
377 1836 596 1926 quaestionem
631 1859 697 1901 esse
732 1858 831 1926 supra
864 1851 994 1925 captum
1031 1851 1186 1899 nostrum

211 1950 264 2021 vel
285 1976 494 2043 nequaquam
517 1952 700 2020 conducere
726 1954 820 2020 nobis
848 1932 1040 2037 existimivit
1047 1980 1058 2037 3
1093 1948 1183 2043 qua-'³

210 2067 255 2136 les
279 2071 481 2165 quaestiones
505 2087 671 2160 tamquam
691 2074 805 2138 otiosas
824 2072 951 2139 mittere
972 2067 1099 2137 solebat
1122 2066 1183 2159 (4).

244 2462 284 2530 (l)
306 2462 389 2513 Arist.
412 2459 500 2529 Magn.
518 2460 590 2512 Mor.
617 2459 640 2511 1.
664 2463 688 2511 1.
706 2480 734 2528 p.
753 2463 819 2525 115,
840 2460 864 2512 Ι.
883 2463 925 2513 35.
941 2480 969 2529 p.
986 2463 1054 2526 171,
1076 2462 1188 2517 Nicon.

304 2542 356 2596 vl.
384 2544 426 2595 13.
443 2562 471 2610 p.
491 2544 534 2594 84.
571 2543 709 2608 Socrates,
743 2560 776 2594 ex
802 2543 955 2595 Aristotelis
979 2546 1112 2599 sententii
1139 2547 1191 2617 (ld.

272 2644 276 2653 ·
300 2625 340 2678 M.
358 2625 459 2694 Li),
487 2626 600 2678 virtutes
616 2625 738 2677 scientias
754 2642 808 2676 esso
827 2625 931 2690 diesim
951 2643 993 2677 css
1011 2627 1046 2679 ad
1064 2631 1191 2683 rationa-

301 2709 353 2758 lem
369 2707 449 2758 animi
464 2717 567 2774 partem
585 2709 717 2762 universas
733 2708 829 2769 refert,
848 2710 971 2760 omittens
986 2710 1188 2767 irrationalem:

223 2832 226 2837 .
303 2790 412 2860 ἀναιρεῖ
424 2790 504 2858 igitur
520 2794 568 2843 καὶ
583 2795 674 2851 πάθος
691 2793 738 2843 nni
753 2792 845 2859 ἦθος.
869 2792 956 2845 Cili).
968 2793 1191 2866 C.5.p.151...

304 2872 462 2927 Aristoteles
493 2878 550 2929 scil·
584 2896 598 2930 o
624 2878 729 2931 duobus
752 2886 871 2930 constare
892 2879 1020 2933 virtutem
1042 2886 1141 2936 statuit
1164 2893 1193 2938 et

261 2974 264 2979 ·
301 2959 424 3007 naturali
439 2949 532 3011 latita
549 2967 575 3011 et
595 2964 706 3013 ratione.
741 2960 903 3030 Σωκράτης,
928 2961 1017 3030 inquit
1034 2964 1053 3016 l.
1078 2965 1189 3021 Nicon.

305 3059 348 3105 e.,
376 3042 425 3105 μὲν
453 3030 504 3095 ois'
525 3046 622 3111 λόγους
646 3044 696 3103 τὴ
720 3043 818 3113 ἀρετὰς
842 3042 910 3112 ᾤετο
937 3037 1019 3096 εἶναι·
1035 3048 1191 3119 intersim

304 3128 356 3196 γὰρ
376 3116 448 3178 cinci
463 3129 560 3187 πάσας·
578 3131 656 3194 ἡμεῖς
676 3126 725 3192 δὲ,
745 3129 817 3189 μετὰ
839 3128 920 3194 λόγου
940 3128 1093 3196 (subintuli.
1110 3132 1190 3195 ἕξεις.

304 3226 331 3260 v.
350 3211 452 3278 supra).
488 3208 629 3283 Cliqetiam
647 3209 754 3263 Nicom.
775 3208 797 3262 l.
817 3204 859 3263 13.
878 3230 905 3280 p.
925 3212 967 3263 17.

207 3344 213 3360 ,
246 3294 287 3365 (2)
309 3295 392 3349 Arist.
416 3294 527 3348 Eudem.
557 3296 581 3348 1.
607 3299 633 3348 5.
661 3315 688 3365 p.
715 3298 765 3348 198
790 3315 831 3367 sq.
857 3290 917 3351 ‘cn
937 3296 1044 3351 Nicon·
1070 3298 1144 3355 Vll.
1164 3304 1192 3356 5.

306 3399 333 3449 p.
353 3380 396 3432 88.

246 3464 297 3536 (3)ι
310 3463 391 3517 Arist·
410 3461 497 3533 Magn.
515 3463 586 3516 Mor.
607 3463 631 3515 1.
648 3466 674 3516 9.
693 3483 719 3533 p.
740 3466 808 3530 153,
837 3462 943 3518 Nicon.
962 3464 1032 3519 vlt.
1049 3468 1079 3519 3.
1097 3486 1127 3537 p.
1143 3470 1191 3521 86.

244 3552 285 3621 (t)
306 3550 366 3618 lpse
384 3545 541 3599 Aristoteles
563 3550 686 3603 observat
702 3548 791 3618 Magn.
808 3549 880 3603 Mor.
894 3546 924 3602 l.
943 3552 967 3602 1.
984 3568 1012 3619 p.
1029 3552 1092 3604 trs.
1122 3552 1192 3606 Pl·-

305 3641 395 3686 tonem
418 3632 533 3699 primum
556 3632 652 3698 fuisse,
681 3636 728 3703 qui
754 3635 854 3687 animae
876 3641 965 3702 partes
981 3634 1144 3707 sationulem
1163 3644 1193 3691 et

304 3716 487 3768 irrationalem
515 3715 665 3768 distinxerit
690 3723 716 3766 et
740 3735 799 3769 suas
825 3716 933 3787 utrique
956 3716 1069 3771 virtutes
1095 3718 1192 3773 distri-

304 3802 411 3853 buerit:
438 3800 476 3852 ita
502 3807 531 3852 ut
556 3799 644 3851 miuus
660 3807 731 3852 recte
749 3800 874 3854 Socrates
896 3801 967 3869 apud
980 3802 1069 3871 ipsunt
1086 3802 1195 3871 saepius

269 3882 273 3897 ¹
303 3884 488 3953 improbetur,
514 3884 589 3954 quasi
606 3901 639 3936 ex
654 3884 775 3938 consulto
793 3886 822 3940 iu
841 3883 890 3938 hac
905 3884 1059 3956 quaestione
1076 3885 1193 3941 sltem

306 3970 405 4024 animae
422 3978 523 4038 partem
540 3969 754 4039 praetermiserit.
