2520 4672
708 323 772 389 300

302 528 371 598 Hac
398 532 554 598 sententia
584 530 626 597 de
653 534 740 617 justo
768 531 891 616 longius
919 531 961 596 ab
988 533 1138 599 omnibus
1163 558 1209 622 rs·

259 647 357 743 liquis
379 649 579 742 pbilosophis
599 651 726 716 secessit
747 650 926 740 Epicurus,
950 673 1051 738 quam
1075 674 1208 741 unquam

260 797 278 835 a
318 796 350 836 se
385 772 522 838 invicem
557 769 687 854 digressi
725 786 827 834 erant.
885 768 955 858 Qui
986 766 1210 837 contenderant

259 912 325 954 esse
351 886 476 978 aliquid
502 892 619 955 natura
641 891 782 997 justum,
806 888 994 978 opinionem
1020 913 1112 954 suam
1137 914 1206 956 eon·

152 1039 158 1052 ·
259 1005 468 1073 firmaverant
491 1008 635 1073 omnium
661 1007 807 1091 gentium
834 1008 1045 1073 consensione
1070 1024 1103 1074 et
1124 1010 1205 1075 iusti·

260 1141 405 1193 tutorum
438 1124 655 1214 quorumdam
689 1123 966 1207 immutabilitate,
1004 1150 1090 1216 qnae
1122 1128 1208 1192 etsia

258 1245 364 1334 pravis
391 1243 577 1308 bominibus
605 1242 802 1310 violarentur
827 1246 1089 1334 nonnunquam,
1118 1260 1208 1308 tamea

258 1362 363 1428 ubivis
397 1359 543 1428 locorum
577 1378 711 1426 naturae
748 1348 883 1427 maxime
911 1361 1208 1427 consentanea··du·'

259 1481 426 1547 cebantur.
480 1480 549 1570 Qui
583 1483 855 1570 impugnaverant
889 1477 1112 1547 sublimiorem
1129 1479 1209 1565 'juris

257 1596 417 1683 indolem,
440 1598 521 1665 baec
545 1599 747 1689 potissimum
763 1600 955 1684 'argumenta
979 1597 1088 1664 adorti
1115 1612 1208 1677 erant,

256 1720 302 1786 ita'
328 1738 386 1802 ut,
419 1716 500 1809 quid
528 1735 644 1782 natura
660 1720 794 1803 ¹justum
820 1695 1090 1808 putandum=sit,
1113 1716 1208 1783 neuti-

259 1860 360 1925 quam
385 1837 618 1921 ambigeretur,
646 1833 703 1901 sed
731 1837 833 1901 omnis
860 1835 902 1902 de
928 1859 968 1903 eo
997 1838 1145 1926 quaestio
1166 1858 1208 1902 cs·

256 1972 324 2036 set,
361 1972 473 2021 utrum
504 1962 616 2022 re'vera
652 1952 713 2021 tale
748 1955 906 2021 existeret.
958 1954 1127 2045 Epicurus
1151 1974 1211 2022 vero

257 2071 300 2137 de
335 2075 405 2163 ipsa
440 2097 475 2138 re
503 2089 571 2140 toto
598 2073 687 2139 coelo
713 2072 880 2147 dissentitz
918 2072 1022 2157 nibil,
1058 2076 1132 2167 ipso
1161 2078 1208 2160 ju·

255 2192 352 2275 dice,
369 2186 466 2276 lacit,
498 2210 614 2297 utrum
639 2194 679 2258 ab
706 2195 857 2259 omnibus
883 2192 1066 2276 habeatur,
1090 2217 1133 2259 an
1155 2192 1209 2256 mi·

257 2337 317 2377 nus
346 2312 394 2400 (l)
406 2340 417 2397 3
444 2309 533 2401 quod
553 2335 653 2403 porro
679 2314 798 2378 mutari
816 2314 926 2401 possit
955 2335 1067 2401 neque
1086 2311 1211 2379 ,affirmat

255 2454 363 2520 neque
384 2447 499 2516 negat,
523 2447 556 2496 at
582 2455 658 2499 vero
674 2430 830 2521 perbibet
852 2431 941 2497 hanc
965 2431 1137 2521 propriam
1154 2452 1210 2496 esse

254 2549 332 2633 justi
367 2547 531 2630 indolem,
562 2566 601 2614 ut
627 2551 807 2616 necessario
825 2564 904 2640 'pro
939 2551 1028 2617 varia
1055 2549 1212 2616 bominum

257 2665 442 2750 conditione
483 2667 598 2753 variari
638 2666 754 2733 debent
790 2667 849 2757 (2).
916 2668 1027 2735 Taceo
1064 2670 1210 2749 Socratis,

257 2785 377 2874 quibus
403 2782 487 2869 leges
523 2809 591 2851 non
618 2788 760 2875 scriptae
773 2787 986 2877 probantur,
1016 2811 1138 2878 poem
1162 2787 1210 2852 di·

255 2904 364 2971 vinas:
388 2903 445 2967 has
469 2905 675 2971 extimescere
698 2901 875 2971 ridiculum
898 2906 1119 2993 arbitrabatur
1136 2908 1211 2998 Epi-

257 3047 354 3090 curus
380 3039 413 3088 et
440 3023 480 3087 ab
508 3046 621 3089 eorum
646 3020 776 3108 ingenio
802 3023 959 3110 alienum,
983 3028 1046 3117 qui
1070 3044 1158 3095 recte
1176 3023 1213 3092 dc

256 3141 324 3206 Diis
352 3158 489 3208 statuere
519 3139 708 3207 didicerunt
736 3141 796 3232 (3)
841 3143 907 3210 Sed
934 3143 1161 3235 Sophistarum
1177 3169 1209 3211 e·

255 3259 335 3323 tiam
360 3257 510 3348 placitis,
527 3287 557 3343 ‚a
581 3262 701 3350 quibus
729 3259 919 3352 Aristippus
943 3260 1006 3331 bae
1028 3266 1067 3330 in
1092 3288 1128 3331 re
1153 3285 1210 3329 non

254 3376 348 3445 valde
366 3378 600 3462 abhorruerat,
620 3381 750 3471 penitus
771 3377 828 3446 illa
848 3380 999 3449 doctrina
1015 3382 1208 3450 adversatur.

256 3498 369 3588 Neque
391 3499 478 3563 enim
500 3496 669 3569 fortiorum
691 3499 776 3586 juri,
800 3498 891 3590 quod
917 3502 971 3566 isti
994 3519 1129 3569 naturae
1154 3499 1208 3565 tri·

158 3610 161 3617 ’
255 3617 420 3699 buebant,
442 3635 667 3707 superstructa
689 3637 751 3687 csta
774 3621 891 3688 nititur
917 3622 1003 3727 enim
1016 3600 1125 3711 'pacto
1147 3622 1210 3703 ὑπὲρ

288 3832 328 3900 (1)
348 3830 429 3900 mog.
448 3830 482 3882 n.
501 3831 521 3882 1.
540 3831 560 3882 t.
579 3831 606 3897 a.
626 3831 684 3882 112.
710 3829 786 3888 Sene.
805 3834 848 3886 ao.
915 3860 922 3868 -

289 3915 330 3983 (2)
351 3912 427 3967 Sent.
446 3917 488 3967 39.
507 3915 553 3968 cit.

290 3999 332 4068 (3)
353 3996 444 4056 Senes.
464 3998 497 4052 de
516 3998 605 4054 Benef.
625 3995 677 4053 tv.
697 3998 738 4050 19.
