2520 4672
621 327 662 389 ut

146 557 236 616 mus,
270 525 393 624 ’quibus
426 536 560 599 maxime
598 537 699 601 causis
732 537 897 605 immutari
932 559 965 607 et
980 564 1011 619 ,a
1038 546 1116 636 pri-

144 655 243 719 maria
269 677 325 719 sua
344 633 458 718 indole
486 653 659 721 deflectere
686 645 844 724 debuerit.
890 644 1010 728 Pamin
1032 654 1132 730 utti-¹

145 774 263 855 nebat,¹
288 794 328 837 ex
355 796 496 860 quanam
520 771 655 838 historia
677 772 916 843 desumeremus
943 779 1117 872 exempla,

145 893 265 982 quibus
303 892 398 976 magis
436 888 598 981 explicare
629 909 663 957 et
701 890 862 968 illustrare
898 899 1116 983 sententiam,

62 1097 64 1101 Ι
145 1035 245 1100 quam
270 1011 409 1100 probare
438 1027 471 1074 et
493 1009 688 1100 persuadere
714 1015 893 1122 opoptebat.
938 1016 1117 1085 Interdum

144 1132 240 1197 etiarn
263 1152 392 1196 necesse
418 1128 481 1196 fuit
507 1153 557 1194 res
584 1131 724 1198 excitare
746 1133 943 1200 notissimas:
967 1131 1024 1200 sed
1055 1137 1115 1202 ubi

109 1326 110 1331 γ
143 1248 185 1316 tle
207 1246 284 1317 tero
312 1265 507 1337 quaeratur,
540 1245 720 1339 plurimum
745 1249 907 1340 proficere
935 1275 988 1336 eos
1016 1253 1114 1319 arbi-

144 1385 230 1450 tror,
255 1390 396 1457 quorum
421 1365 584 1452 judicium
609 1369 779 1452 instigatur
805 1371 973 1435 momentis
996 1387 1029 1436 et
1052 1365 1122 1436 su-'

143 1488 342 1577 perstruitur
381 1484 474 1553 factis
516 1487 666 1552 omnium-
697 1489 905 1554 consensione
940 1489 1112 1580 probatis-

143 1606 239 1673 simis.

151 1788 153 1795 .
187 1727 317 1815 Caucis,
349 1727 469 1817 quibus
503 1727 659 1812 originem
686 1744 743 1792 aut
768 1728 877 1816 potius
905 1705 1111 1796 sanctionem

141 1843 279 1926 debuit,
326 1862 538 1930 congruenter
586 1846 709 1932 justitia
748 1847 862 1935 primis
904 1847 1111 1937 temporibus

143 1960 343 2029 considerata
369 1979 417 2027 est
440 1982 599 2053 tanquam
620 1967 837 2031 conservatrix
864 1981 898 2030 et
925 1965 1029 2031 tutrix
1053 1989 1110 2032 so-

91 2128 105 2148 2
143 2082 292 2164 oietatis,¹
305 2098 340 2147 et
360 2100 496 2172 propter
524 2081 696 2148 utilitatem
718 2084 810 2148 suam
831 2099 864 2148 ct
884 2106 964 2150 vero
988 2108 1109 2151 neces·

127 2191 268 2266 sitatem
302 2202 434 2265 summis
474 2197 633 2266 ‘continuo
668 2199 820 2266 laudibus
857 2218 979 2267 ornata.
1040 2202 1111 2270 Sed

137 2338 301 2412 quatenus
324 2343 399 2386 cum
425 2321 543 2387 virtute
567 2322 744 2405 conjuncta
760 2321 800 2385 sit
822 2320 945 2406 justitia
958 2336 1110 2411 etprae-

139 2441 261 2506 scribat
284 2439 404 2522 officia,
429 2463 512 2529 quae
535 2437 666 2505 aliunde
696 2440 812 2522 etiam,
845 2435 944 2529 quam
971 2440 1111 2530 propria

138 2557 247 2627 salutis
269 2559 410 2641 ratione,
440 2555 730 2641 commendentur,
762 2557 824 2625 hac
849 2556 891 2622 de
917 2579 952 2621 re
980 2578 1023 2623 ue
1045 2580 1109 2625 oo-

137 2678 232 2762 gitari
267 2676 401 2767 quidem
435 2678 562 2766 potuit:
606 2674 871 2767 philosophando
903 2699 985 2766 opus
1015 2692 1112 2761 erat-¹,

140 2810 179 2859 ut
205 2791 344 2885 amplior
371 2796 498 2863 virtutis
522 2795 614 2884 notio
637 2796 882 2886 conciperetur,
905 2810 1014 2884 atquc
1027 2794 1112 2865 luteo

137 2913 209 3002 ipsu
229 2912 318 2978 haud
345 2938 462 3004 parum
489 2913 630 3004 expolita
657 2933 745 2997 erat,
780 2930 956 3004 antequam
980 2913 1018 2978 iu
1045 2916 1107 3006 ip-

138 3032 204 3097 sius
244 3033 370 3099 virtutis
407 3034 604 3123 praestanti&
644 3057 738 3100 causa
777 3034 838 3099 sita
881 3056 949 3098 esse
989 3034 1113 3102 existi·-

137 3169 300 3233 maretur,
323 3176 382 3217 cur
409 3154 449 3217 ab
479 3152 665 3219 bominibus
692 3177 729 3221 ca
752 3149 814 3219 coli
836 3167 1008 3217 mereatur.
1107 3190 1113 3205 ·

180 3261 355 3359 Populares
380 3270 478 3355 igitur
509 3272 655 3346 notiones
682 3269 866 3350 mittamus,
902 3286 938 3334 ut
962 3266 1005 3334 ad
1029 3261 1109 3337 'sin-

136 3383 227 3474 gulo's
256 3388 401 3454 homines
429 3406 647 3471 transeamus,
681 3389 759 3478 qni,
791 3386 1020 3478 praestantiori
1047 3389 1108 3455 in-

136 3508 229 3593 genio
245 3505 406 3598 praediti,
427 3531 634 3590 communem
656 3507 845 3596 opinionem
871 3503 991 3571 ducem
1009 3509 1113 3598 seq-oi
1144 3482 1147 3489 .

134 3643 407 3715 aspernarentur,
422 3644 455 3691 et
470 3625 641 3711 cogitando
654 3627 737 3716 ipsi,
761 3623 812 3692 vel
825 3624 911 3690 hano
940 3624 1109 3713 corrigere

133 3764 331 3813 conarentur
352 3743 421 3830 vel,
452 3746 540 3812 novis
577 3746 637 3810 sibi
668 3742 801 3829 gloriam
832 3765 1019 3833 comparare
1047 3744 1107 3811 in·
1159 3794 1164 3804 .

134 3880 247 3930 tentis.

473 4039 761 4069 *n-
