2520 4672
601 309 660 374 106

148 539 194 589 tet
224 521 282 612 (l).
341 518 475 609 Proprie
510 519 557 584 sic
585 516 726 584 dicenda
764 517 992 611 sophistarum
1025 523 1099 593 doc.

146 642 249 722 trina,
273 636 313 704 de
329 639 469 725 justitiae
492 638 614 722 origine
633 655 798 728 suspecta,
821 638 864 708 de
883 640 951 708 fine
975 660 1098 711 natum
1143 672 1148 687 ·

145 762 325 844 incongruo
360 773 442 840 etc,
477 754 617 822 multum
646 757 736 824 abest
777 776 814 825 ut
854 758 985 828 fatalem
1021 761 1098 830 banc

144 881 212 948 vim
246 877 412 959 babuerit,
444 898 543 965 quam
575 873 636 940 alia
661 873 737 940 data
765 881 1015 968 opportunitate
1039 904 1099 946 nou

142 1021 293 1067 exercere
327 1019 396 1061 non
431 993 606 1086 potuisset,
644 996 736 1080 cujus
775 996 824 1062 rei
850 1021 964 1084 magua
994 998 1102 1090 utique

146 1142 264 1201 causa,
301 1137 449 1206 quaeque
484 1111 549 1179 sola
585 1111 698 1178 haberi
731 1112 827 1197 solet,
863 1117 901 1181 in
942 1115 1101 1184 Socration

143 1235 317 1326 disciplina
343 1234 448 1326 posita
474 1248 522 1298 est
549 1255 586 1298 ac
611 1233 719 1298 Ironia
746 1235 898 1319 maxime,
921 1239 1028 1322 major
1053 1252 1100 1302 ta·

143 1379 220 1423 men
255 1355 291 1419 in
323 1355 393 1443 ipsa
427 1350 655 1442 sophistarum
692 1353 826 1420 ratione.
885 1352 990 1441 Quod
1023 1355 1103 1420 enim

142 1490 281 1564 accepto
308 1495 380 1538 aere
412 1469 591 1553 docebant,
626 1468 772 1562 adeoque
799 1470 974 1539 ditissimos
1002 1497 1102 1564 quos·

141 1616 207 1684 que
241 1595 373 1679 juvenes
407 1591 544 1657 maxime
575 1591 777 1658 venabantur
812 1573 879 1682 (2),
915 1591 1040 1677 effecit,
1070 1609 1106 1659 ut

141 1711 260 1779 borum
286 1728 368 1777 esset
394 1710 590 1801 propinquis
616 1708 839 1801 parcendum,
870 1734 992 1800 neque·
1009 1712 1142 1797 igitur-

139 1832 224 1899 serio
253 1852 316 1896 nec
352 1829 416 1893 nisi
441 1847 579 1920 propter
613 1830 736 1915 ingenii
770 1826 900 1895 laudem
936 1830 1107 1920 opiniones

138 1946 315 2014 defendere
350 1964 499 2036 possent,
537 1971 620 2038 quae
661 1947 704 2014 ad
739 1950 923 2016 societatem
960 1947 1109 2017 valerent

138 2063 410 2147 subvertendam,
434 2090 452 2129 a
479 2065 598 2154 quibus
625 2066 747 2134 scilicet
773 2069 797 2132 ii
819 2069 955 2137 maxime
979 2067 1107 2134 abhor-

138 2203 233 2271 rent,
257 2209 338 2276 quos
361 2183 527 2267 benefieiis
549 2187 615 2251 suis
637 2185 768 2253 fortuna
788 2202 959 2276 prosecuta
981 2206 1033 2256 est
1046 2186 1107 2277 (3).

137 2308 210 2396 Qui
235 2328 313 2374 vero
339 2305 381 2371 ob
407 2301 507 2370 solam
538 2306 625 2370 acuti
652 2329 689 2372 ac
716 2303 842 2371 subtilis
876 2305 1000 2390 ingenii
1030 2302 1108 2371 lau-

139 2423 215 2492 dem
240 2422 403 2515 paradoxa
425 2440 594 2507 tueantur,
616 2425 679 2504 eis,
703 2441 905 2514 quantopere
927 2421 984 2489 illa
1013 2447 1107 2490 cres·

141 2561 212 2630 cat,
236 2560 404 2636 tantopere
425 2544 584 2610 minuitur
605 2541 687 2609 fides
705 2543 765 2634 (4).
810 2542 1004 2636 Explicatur
1024 2543 1107 2629 hoo,

170 2823 211 2894 (1)
232 2820 307 2876 Sext.
335 2818 437 2887 Empir.
467 2819 528 2874 adv.
553 2819 633 2874 Rbet.
663 2821 703 2874 11.
726 2824 768 2876 18.
802 2824 835 2875 ab
858 2825 981 2877 omnibus
1004 2844 1112 2895 semper

228 2907 398 2959 observatum
430 2919 484 2954 esse
518 2904 645 2968 affirmat,
682 2907 756 2974 qaod
782 2909 808 2959 οἱ
834 2910 1043 2970 σοφιστεύοντος
1068 2912 1112 2963 las'

227 2986 312 3058 ἄκρον
337 2983 386 3047 μὲν
413 2987 464 3051 τὴν
489 2985 652 3055 Ῥητορικὴν
673 2990 818 3057 deponeres
836 2994 1033 3073 caxaoloyg'ca,
1061 2998 1110 3063 ἰχ-

228 3071 306 3123 θύων
329 3067 361 3119 δὲ
386 3067 548 3137 ἀφωνότεροι
569 3070 615 3120 ἐπὶ
633 3074 681 3135 τῆς
698 3075 746 3136 γῆς
765 3070 906 3143 ὑπαίθρου
922 3068 1109 3145 &soporinus

230 3153 282 3204 Cff.
304 3147 675 3204 lsocr.Enoom.Hel.410.
701 3152 739 3219 B,
765 3153 909 3208 Oacontra
932 3154 1018 3225 soph„
1047 3160 1109 3213 578.

229 3235 310 3288 11.(1.
327 3235 409 3287 Arist.
428 3234 534 3288 Nicom.
554 3235 590 3288 X.
608 3256 636 3307 p.
656 3235 714 3289 143.

169 3320 211 3390 (2)
232 3319 308 3371 Plato
332 3317 417 3387 Sopb.
437 3319 497 3370 231.
524 3320 562 3372 D.
583 3321 653 3372 δοκῶ
671 3321 805 3392 μὲνγὰρ,
831 3323 971 3394 conpotes
999 3325 1109 3397 εὑρέθη

229 3404 295 3455 νέων
330 3404 378 3453 καὶ
408 3403 541 3456 πλουσίων
568 3404 701 3468 isuardus
729 3410 878 3475 θηρευτής.
926 3406 978 3460 cff.
1004 3408 1108 3482 Tbeag.

230 3487 290 3538 128.
310 3484 344 3536 A.
368 3483 448 3537 Meno
466 3486 508 3538 70.
528 3486 558 3539 Β.
576 3486 703 3556 Xenopb.
722 3488 821 3558 Cyneg.
838 3487 871 3541 C.
891 3491 933 3542 13.

170 3574 211 3644 (3)
231 3572 374 3638 Propterea
391 3568 514 3622 Socrates
526 3589 662 3640 nunquam
676 3573 824 3623 mercedem
839 3573 955 3640 accepit,
976 3580 1007 3624 ut
1020 3574 1109 3629 libere

228 3659 317 3722 posset
336 3669 366 3703 es
388 3651 524 3720 proferre,
552 3673 620 3723 quae
639 3673 731 3711 revera
746 3656 881 3708 sentiebat.
916 3654 959 3708 Cf.
976 3655 1107 3729 Xenoplr.

228 3737 310 3791 Mem.
328 3736 352 3789 1.
370 3740 396 3790 6.
414 3740 441 3790 5.
894 3730 898 3741 '

171 3824 211 3893 (1)
231 3821 289 3875 cic.
316 3821 349 3873 de
366 3820 426 3876 .0ff.
454 3820 494 3873 11.
518 3823 545 3874 9.
577 3820 663 3891 »Quo
689 3823 756 3890 quis»
771 3823 903 3878 versutior
925 3829 952 3874 et
980 3825 1109 3880 callidior

230 3913 285 3971 est,
310 3905 363 3960 boc
388 3906 499 3963 invisior
519 3915 546 3960 et
569 3909 732 3979 suspectior,
761 3908 877 3963 detracti
896 3909 1020 3978 opinione
1039 3930 1110 3981 pro-

231 3989 355 4042 bitatis&
601 3984 617 4019 ⁶
894 3998 898 4005 ’
