2520 4672
614 293 749 355 ·74

245 500 415 596 desumpta
453 501 579 589 judicet
613 502 687 592 (l),
724 525 808 597 quse
844 525 884 568 ex
925 501 1124 571 Aristoxeno
1165 502 1214 573 vel

246 623 444 690 Dicaearcho
455 621 654 690 Isminehus
669 620 736 713 (2),
755 620 957 713 Porphyrius
971 620 1038 712 (3),
1054 622 1214 707 Diogenes

245 744 394 809 Laertius
418 741 487 833 (t),
509 740 670 809 Diodorus
697 738 824 808 Siculus
848 739 895 832 (5)
923 758 957 808 et
981 739 1143 808 Stohneus
1165 738 1212 829 (6)

244 861 399 927 haussisse
416 858 591 943 videntur,
615 868 757 951 quoruni
779 875 888 926 temen
909 857 960 927 vel
978 860 1115 926 nomine
1136 860 1210 925 eur

246 979 338 1062 dent,
352 979 455 1045 uehis
469 976 604 1068 quidem
617 979 684 1044 sine
697 1000 813 1063 magne
826 978 975 1068 erutione
989 976 1141 1045 adhibite
1155 976 1211 1043 uti.

146 1074 149 1079 Ι
243 1098 339 1187 Quae
364 1096 462 1164 iidem
496 1097 668 1188 scriptores
695 1094 794 1187 plura
829 1096 993 1180 habeant,
1021 1096 1210 1187 praesertin

246 1215 376 1283 Stobsei
401 1214 602 1300 fragments,
640 1238 723 1304 quoe
745 1213 888 1300 'collegit
929 1216 996 1283 Th.
1033 1213 1117 1284 Gelo
1144 1212 1211 1305 (7),

248 1334 396 1402 Aureum
421 1332 540 1399 deinde
567 1335 710 1401 Carmen
732 1332 801 1424 (8),
835 1334 1031 1425 Pythagorae
1059 1333 1211 1427 adserip-

248 1469 373 1519 tumet
397 1451 587 1539 hujusmodi
609 1450 736 1541 reliqua
762 1451 995 1520 exeluduntur.
1044 1454 1214 1522 Meiuersii
1253 1452 1256 1511 ἶ

247 1572 385 1657 vestigiis
406 1570 592 1639 incedentes
614 1573 740 1638 recenti
761 1589 903 1662 tempore
922 1570 1019 1639 multi
1039 1573 1104 1655 riri
1125 1572 1213 1641 docti
1254 1656 1256 1661 Ι

248 1689 291 1759 ed
325 1709 448 1759 rectam
487 1689 679 1784 disciplinae
719 1691 933 1782 Pythagoreee
967 1689 1216 1779 intelligentiam

248 1833 316 1876 non
341 1833 459 1901 perum
494 1808 658 1877 contulere
685 1830 718 1879 et
744 1813 891 1902 quamvis
920 1810 1126 1880 celeberrimi
1153 1814 1214 1882 viri

247 1928 407 1994 rationem
434 1929 581 1996 criticum
614 1952 682 1996 non
712 1928 901 1998 indistinete
934 1932 1119 2022 probarent
1146 1932 1212 2024 (9),

248 2045 429 2138 plurimum
464 2065 571 2115 temen
596 2049 632 2113 in
661 2048 852 2140 exponenda
881 2049 944 2117 hae
979 2053 1117 2119 materia
1156 2052 1211 2144 ip-

248 2167 317 2232 sius
351 2166 513 2252 judicium
539 2169 641 2235 secuti
681 2186 768 2235 sunt.
827 2169 952 2237 Horum
978 2169 1131 2262 exemplo
1156 2171 1211 2237 in-

249 2285 396 2353 sistemus
417 2304 451 2352 et
476 2311 516 2354 ex
541 2287 579 2352 iis
604 2286 698 2371 solis,
730 2312 813 2378 quse
844 2315 863 2355 e
893 2287 1029 2356 laudato
1056 2291 1132 2357 viro
1157 2314 1212 2378 ge-

252 2405 353 2472 nuina
378 2404 490 2474 habita
516 2424 612 2492 sunt,
642 2408 923 2490 rstioeiuebimur,
950 2409 1101 2499 quemvis
1129 2409 1211 2476 reti-

253 2547 324 2592 cere
350 2549 419 2592 non
448 2527 626 2616 possimus,
662 2526 725 2595 hoc
755 2528 848 2594 nobis
878 2529 999 2596 mirum
1024 2527 1154 2614 viden,
1187 2528 1212 2595 si

145 2620 151 2637 ¹
252 2644 304 2714 vel
337 2647 398 2713 rite
432 2643 613 2732 fragmenta
646 2648 708 2714 ista
738 2647 932 2716 Aristoxeno
957 2665 991 2716 et
1015 2647 1211 2718 Dicaearcho
1249 2696 1256 2709 ..

285 2905 325 2973 (1)
344 2903 379 2956 1..
399 2924 422 2958 c.
439 2924 467 2974 p.
486 2906 545 2958 565.
565 2922 624 2974 sqq.

284 2986 326 3057 (2)
347 2985 411 3039 vita
436 2986 515 3057 Pyth.
543 2987 576 3040 C.
600 2988 694 3039 8-11.
721 2987 747 3055 38.
762 2986 886 3057 ,et-58,
913 2983 945 3037 C.
962 2983 1009 3037 22.
1034 2983 1062 3051 0.
1083 2986 1143 3039 101.
1158 3002 1195 3055 sq.
1218 3026 1250 3059 ἱ

344 3069 376 3122 C.
395 3073 437 3123 30.
457 3072 483 3138 38.
503 3071 562 3124 167.
580 3089 639 3141 sqq.

284 3154 326 3222 (3)
345 3152 410 3206 Vita
428 3152 510 3223 Pyth.
530 3155 556 3221 §.
574 3156 616 3205 39.
635 3171 694 3222 sqq.

284 3236 327 3305 (6)
345 3234 380 3286 L.
397 3235 483 3289 VIII.
503 3236 529 3303 6.
547 3236 582 3287 22
599 3243 626 3288 et
642 3236 685 3287 23.

286 3321 327 3389 (5)
347 3318 413 3371 Exc.
432 3321 491 3371 5511.
509 3338 568 3390 sqq.

285 3403 326 3473 (6)
348 3400 433 3457 serm.
452 3402 501 3454 LI.
520 3411 547 3456 et
564 3402 667 3455 CXLI.
686 3400 785 3455 Wech.
806 3400 857 3471 (X.
875 3407 902 3452 et
917 3399 982 3470 LI.)

284 3486 325 3556 (7)
345 3484 570 3556 Pythagoreorum
594 3488 685 3557 Iregm.
711 3487 809 3556 pertint
834 3486 906 3554 apud
936 3484 1101 3550 Stolonem,
1127 3490 1256 3555 prr-:i

345 3569 410 3621 alibi
432 3577 546 3637 reperte.
573 3570 698 3623 Centebr.
727 3571 811 3636 16703
836 3570 948 3639 repetita
964 3570 991 3622 in
1009 3567 1111 3639 Opust.
1133 3568 1199 3641 Ur
1213 3571 1256 3624 t*

345 3652 427 3723 Phys.
446 3661 472 3705 et
489 3650 554 3704 Eth.
584 3654 670 3706 Amet.
690 3655 766 3706 1688.

286 3739 327 3808 (8)
346 3737 415 3790 Cum
442 3737 534 3790 Poetis
557 3734 696 3790 Gnomicis
712 3738 793 3809 vulgo
812 3739 926 3804 editum
944 3744 1081 3806 praeterea
1098 3752 1156 3791 cun
1181 3730 1256 3785 ‘1

346 3838 420 3873 meeo
443 3819 544 3885 Leon,
572 3818 669 3871 Ocello
691 3819 758 3873 Luc.
787 3826 814 3872 et
836 3818 972 3889 Porphyr.
988 3820 1021 3872 de
1038 3818 1097 3874 vit.
1116 3810 1256 3887 Pyth-

346 3900 521 3955 Ritterehnsio
534 3901 609 3954 Altd.
625 3903 701 3954 1610.
712 3911 738 3957 et
752 3905 892 3972 seperatim
906 3901 1054 3957 oSchierio
1064 3892 1256 3971 Lipe1⁷⁵

288 3988 329 4056 (9)
349 3987 392 4039 ct.
409 3986 552 4052 staudtin,
573 3985 736 4045 Geschichte
755 3990 803 4045 der
819 3987 1096 4062 Morelphiloeophie‚
1113 4006 1140 4059 p·
1157 3975 1256 4038 38
