<?xml version="1.0" encoding="UTF-8"?>
<!DOCTYPE html PUBLIC "-//W3C//DTD XHTML 1.0 Transitional//EN"
    "http://www.w3.org/TR/xhtml1/DTD/xhtml1-transitional.dtd">
<html xmlns="http://www.w3.org/1999/xhtml" xml:lang="en" lang="en">
 <head>
  <title>
</title>
<meta http-equiv="Content-Type" content="text/html;charset=utf-8" />
  <meta name='ocr-system' content='tesseract 3.04.00' />
  <meta name='ocr-capabilities' content='ocr_page ocr_carea ocr_par ocr_line ocrx_word'/>
</head>
<body>
  <div class='ocr_page' id='page_1' title='image "./historiaphiloso00vedegoog/historiaphiloso00vedegoog_0291.png"; bbox 0 0 2520 4672; ppageno 0'>
   <div class='ocr_carea' id='block_1_1' title="bbox 520 343 583 410">
    <p class='ocr_par' dir='ltr' id='par_1_1' title="bbox 520 343 583 410">
     <span class='ocr_line' id='line_1_1' title="bbox 520 343 583 410; baseline -0.063 0"><span class='ocrx_word' id='word_1_1' title='bbox 520 343 583 410; x_wconf 80' lang='grc'>281</span> 
     </span>
    </p>
   </div>
   <div class='ocr_carea' id='block_1_2' title="bbox 65 536 1033 642">
    <p class='ocr_par' dir='ltr' id='par_1_2' title="bbox 65 536 1033 642">
     <span class='ocr_line' id='line_1_2' title="bbox 65 536 1033 642; baseline 0.003 -23"><span class='ocrx_word' id='word_1_2' title='bbox 65 551 184 620; x_wconf 74' lang='grc' dir='ltr'><strong><em>δίκαιον</em></strong></span> <span class='ocrx_word' id='word_1_3' title='bbox 217 551 312 617; x_wconf 84' lang='lat' dir='ltr'><strong>luisse</strong></span> <span class='ocrx_word' id='word_1_4' title='bbox 340 536 1033 642; x_wconf 64' lang='grc'>0000001000).1110010000000000</span> 
     </span>
    </p>
   </div>
   <div class='ocr_carea' id='block_1_3' title="bbox 61 668 1059 2301">
    <p class='ocr_par' dir='ltr' id='par_1_3' title="bbox 62 668 1036 877">
     <span class='ocr_line' id='line_1_3' title="bbox 62 668 1036 760; baseline 0.001 -23"><span class='ocrx_word' id='word_1_5' title='bbox 62 695 93 737; x_wconf 85' lang='lat' dir='ltr'><strong>v.</strong></span> <span class='ocrx_word' id='word_1_6' title='bbox 133 695 161 736; x_wconf 92' lang='grc'><strong>0.</strong></span> <span class='ocrx_word' id='word_1_7' title='bbox 198 694 329 760; x_wconf 84' lang='lat' dir='ltr'><strong>capram</strong></span> <span class='ocrx_word' id='word_1_8' title='bbox 361 672 432 737; x_wconf 87' lang='lat' dir='ltr'><strong>Jovi</strong></span> <span class='ocrx_word' id='word_1_9' title='bbox 458 668 623 736; x_wconf 87' lang='lat' dir='ltr'><strong>immolare</strong></span> <span class='ocrx_word' id='word_1_10' title='bbox 653 695 720 737; x_wconf 90' lang='lat' dir='ltr'><strong>non</strong></span> <span class='ocrx_word' id='word_1_11' title='bbox 752 693 845 753; x_wconf 89' lang='lat' dir='ltr'><strong>oves,</strong></span> <span class='ocrx_word' id='word_1_12' title='bbox 881 670 1036 738; x_wconf 82' lang='lat' dir='ltr'><strong>Brasidae</strong></span> 
     </span>
     <span class='ocr_line' id='line_1_4' title="bbox 64 787 547 877; baseline 0 -23"><span class='ocrx_word' id='word_1_13' title='bbox 64 813 155 856; x_wconf 87' lang='lat' dir='ltr'><strong>saera</strong></span> <span class='ocrx_word' id='word_1_14' title='bbox 176 788 300 871; x_wconf 85' lang='lat' dir='ltr'><strong>facere,</strong></span> <span class='ocrx_word' id='word_1_15' title='bbox 324 788 436 853; x_wconf 82' lang='lat' dir='ltr'>similia</span> <span class='ocrx_word' id='word_1_16' title='bbox 461 787 520 877; x_wconf 84' lang='lat'>(2).</span> <span class='ocrx_word' id='word_1_17' title='bbox 543 826 547 839; x_wconf 81' lang='lat'><em>=</em></span> 
     </span>
    </p>

    <p class='ocr_par' dir='ltr' id='par_1_4' title="bbox 61 898 1063 2301">
     <span class='ocr_line' id='line_1_5' title="bbox 106 898 1047 997; baseline 0.003 -27"><span class='ocrx_word' id='word_1_18' title='bbox 106 908 337 997; x_wconf 83' lang='lat' dir='ltr'><strong>Quaestionem</strong></span> <span class='ocrx_word' id='word_1_19' title='bbox 361 906 401 972; x_wconf 88' lang='lat' dir='ltr'><strong>de</strong></span> <span class='ocrx_word' id='word_1_20' title='bbox 429 905 600 989; x_wconf 87' lang='lat' dir='ltr'><strong>libertate,</strong></span> <span class='ocrx_word' id='word_1_21' title='bbox 634 930 732 997; x_wconf 86' lang='lat' dir='ltr'><strong>quam</strong></span> <span class='ocrx_word' id='word_1_22' title='bbox 755 909 900 997; x_wconf 87' lang='lat' dir='ltr'><strong>superius</strong></span> <span class='ocrx_word' id='word_1_23' title='bbox 924 898 1047 997; x_wconf 33' lang='lat' dir='ltr'><strong>expo-⁸</strong></span> 
     </span>
     <span class='ocr_line' id='line_1_6' title="bbox 62 1023 1032 1116; baseline 0.003 -28"><span class='ocrx_word' id='word_1_24' title='bbox 62 1043 175 1090; x_wconf 85' lang='lat' dir='ltr'><strong>suerat</strong></span> <span class='ocrx_word' id='word_1_25' title='bbox 205 1023 446 1116; x_wconf 77' lang='lat' dir='ltr'><strong>philosophus,</strong></span> <span class='ocrx_word' id='word_1_26' title='bbox 469 1024 579 1091; x_wconf 87' lang='lat' dir='ltr'><strong>denuo</strong></span> <span class='ocrx_word' id='word_1_27' title='bbox 611 1044 716 1092; x_wconf 89' lang='lat' dir='ltr'><strong>movet</strong></span> <span class='ocrx_word' id='word_1_28' title='bbox 749 1024 933 1107; x_wconf 85' lang='lat' dir='ltr'><strong>hocloco,</strong></span> <span class='ocrx_word' id='word_1_29' title='bbox 963 1049 1032 1115; x_wconf 93' lang='grc'><strong>000</strong></span> 
     </span>
     <span class='ocr_line' id='line_1_7' title="bbox 62 1141 1029 1234; baseline 0.001 -27"><span class='ocrx_word' id='word_1_30' title='bbox 62 1167 182 1232; x_wconf 87' lang='lat' dir='ltr'><strong>nempe</strong></span> <span class='ocrx_word' id='word_1_31' title='bbox 205 1168 356 1229; x_wconf 82' lang='lat' dir='ltr'><strong>magnam</strong></span> <span class='ocrx_word' id='word_1_32' title='bbox 381 1143 546 1233; x_wconf 83' lang='lat' dir='ltr'><strong>quandam</strong></span> <span class='ocrx_word' id='word_1_33' title='bbox 573 1162 606 1209; x_wconf 90' lang='lat' dir='ltr'><strong>et</strong></span> <span class='ocrx_word' id='word_1_34' title='bbox 634 1142 729 1234; x_wconf 85' lang='lat' dir='ltr'><strong>plane</strong></span> <span class='ocrx_word' id='word_1_35' title='bbox 752 1141 945 1230; x_wconf 84' lang='lat' dir='ltr'><strong>singularem</strong></span> <span class='ocrx_word' id='word_1_36' title='bbox 966 1143 1029 1208; x_wconf 85' lang='lat' dir='ltr'><strong>lra-</strong></span> 
     </span>
     <span class='ocr_line' id='line_1_8' title="bbox 62 1260 1032 1356; baseline -0.001 -29"><span class='ocrx_word' id='word_1_37' title='bbox 62 1263 121 1327; x_wconf 90' lang='lat' dir='ltr'><strong>bet</strong></span> <span class='ocrx_word' id='word_1_38' title='bbox 150 1264 345 1347; x_wconf 82' lang='lat' dir='ltr'><strong>gravitatem.</strong></span> <span class='ocrx_word' id='word_1_39' title='bbox 397 1264 469 1328; x_wconf 87' lang='lat' dir='ltr'><strong>Jam</strong></span> <span class='ocrx_word' id='word_1_40' title='bbox 503 1264 591 1328; x_wconf 88' lang='lat' dir='ltr'><strong>enim</strong></span> <span class='ocrx_word' id='word_1_41' title='bbox 618 1287 686 1328; x_wconf 89' lang='grc'><strong>000</strong></span> <span class='ocrx_word' id='word_1_42' title='bbox 723 1260 788 1329; x_wconf 86' lang='grc'>0010</span> <span class='ocrx_word' id='word_1_43' title='bbox 820 1260 1032 1356; x_wconf 82' lang='lat' dir='ltr'><strong>improbandi</strong></span> 
     </span>
     <span class='ocr_line' id='line_1_9' title="bbox 62 1379 1031 1472; baseline 0.004 -28"><span class='ocrx_word' id='word_1_44' title='bbox 62 1404 178 1446; x_wconf 83' lang='lat' dir='ltr'><strong>verum</strong></span> <span class='ocrx_word' id='word_1_45' title='bbox 219 1382 316 1448; x_wconf 87' lang='lat' dir='ltr'><strong>etiam</strong></span> <span class='ocrx_word' id='word_1_46' title='bbox 352 1379 515 1472; x_wconf 90' lang='lat' dir='ltr'><strong>puniendi</strong></span> <span class='ocrx_word' id='word_1_47' title='bbox 535 1444 537 1449; x_wconf 87' lang='grc'><em>,</em></span> <span class='ocrx_word' id='word_1_48' title='bbox 556 1381 640 1447; x_wconf 86' lang='lat' dir='ltr'><strong>ratio</strong></span> <span class='ocrx_word' id='word_1_49' title='bbox 674 1379 751 1446; x_wconf 87' lang='lat' dir='ltr'><strong>inde</strong></span> <span class='ocrx_word' id='word_1_50' title='bbox 788 1379 939 1447; x_wconf 84' lang='lat' dir='ltr'><strong>ducenda</strong></span> <span class='ocrx_word' id='word_1_51' title='bbox 973 1399 1031 1448; x_wconf 84' lang='lat' dir='ltr'><strong>est.</strong></span> 
     </span>
     <span class='ocr_line' id='line_1_10' title="bbox 62 1497 1033 1589; baseline 0.003 -27"><span class='ocrx_word' id='word_1_52' title='bbox 62 1498 173 1564; x_wconf 87' lang='lat' dir='ltr'><strong>Potest</strong></span> <span class='ocrx_word' id='word_1_53' title='bbox 217 1497 343 1589; x_wconf 83' lang='lat' dir='ltr'><strong>aliquid</strong></span> <span class='ocrx_word' id='word_1_54' title='bbox 384 1523 450 1566; x_wconf 88' lang='lat' dir='ltr'><strong>esse</strong></span> <span class='ocrx_word' id='word_1_55' title='bbox 484 1501 646 1585; x_wconf 85' lang='lat' dir='ltr'><strong>injustum</strong></span> <span class='ocrx_word' id='word_1_56' title='bbox 683 1499 837 1588; x_wconf 81' lang='grc' dir='ltr'>(ἄδικον),</span> <span class='ocrx_word' id='word_1_57' title='bbox 867 1499 1033 1584; x_wconf 87' lang='lat' dir='ltr'><strong>-objeetivo</strong></span> 
     </span>
     <span class='ocr_line' id='line_1_11' title="bbox 63 1602 1033 1709; baseline 0 -27"><span class='ocrx_word' id='word_1_58' title='bbox 63 1615 134 1683; x_wconf 87' lang='lat' dir='ltr'><strong>soil.</strong></span> <span class='ocrx_word' id='word_1_59' title='bbox 161 1640 258 1683; x_wconf 85' lang='lat' dir='ltr'><strong>sensu</strong></span> <span class='ocrx_word' id='word_1_60' title='bbox 279 1635 466 1708; x_wconf 88' lang='lat' dir='ltr'><strong>sumptum,</strong></span> <span class='ocrx_word' id='word_1_61' title='bbox 491 1643 557 1709; x_wconf 90' lang='lat' dir='ltr'><strong>quo</strong></span> <span class='ocrx_word' id='word_1_62' title='bbox 581 1602 814 1683; x_wconf 83' lang='lat' dir='ltr'><strong>committendo</strong></span> <span class='ocrx_word' id='word_1_63' title='bbox 836 1633 943 1682; x_wconf 89' lang='lat' dir='ltr'><strong>tamen</strong></span> <span class='ocrx_word' id='word_1_64' title='bbox 967 1640 1033 1682; x_wconf 83' lang='lat' dir='ltr'><strong>ne·</strong></span> 
     </span>
     <span class='ocr_line' id='line_1_12' title="bbox 62 1735 1033 1827; baseline -0.002 -27"><span class='ocrx_word' id='word_1_65' title='bbox 62 1760 230 1826; x_wconf 87' lang='lat' dir='ltr'><strong>quaquam</strong></span> <span class='ocrx_word' id='word_1_66' title='bbox 252 1737 323 1827; x_wconf 89' lang='lat' dir='ltr'><strong>quis</strong></span> <span class='ocrx_word' id='word_1_67' title='bbox 346 1737 501 1822; x_wconf 86' lang='lat' dir='ltr'><strong>injuriam</strong></span> <span class='ocrx_word' id='word_1_68' title='bbox 524 1735 682 1824; x_wconf 67' lang='grc' dir='ltr'>(ἀδικήμα)</span> <span class='ocrx_word' id='word_1_69' title='bbox 703 1735 797 1818; x_wconf 87' lang='lat' dir='ltr'><strong>facit,</strong></span> <span class='ocrx_word' id='word_1_70' title='bbox 822 1759 904 1825; x_wconf 86' lang='grc'>0000</span> <span class='ocrx_word' id='word_1_71' title='bbox 926 1735 1033 1825; x_wconf 87' lang='lat' dir='ltr'><strong>quip-</strong></span> 
     </span>
     <span class='ocr_line' id='line_1_13' title="bbox 62 1830 1030 1946; baseline -0.003 -26"><span class='ocrx_word' id='word_1_72' title='bbox 62 1879 105 1944; x_wconf 87' lang='lat' dir='ltr'><strong>pe</strong></span> <span class='ocrx_word' id='word_1_73' title='bbox 133 1879 200 1920; x_wconf 91' lang='lat' dir='ltr'><strong>non</strong></span> <span class='ocrx_word' id='word_1_74' title='bbox 227 1856 445 1939; x_wconf 85' lang='lat' dir='ltr'><strong>existimatur,</strong></span> <span class='ocrx_word' id='word_1_75' title='bbox 479 1830 541 1920; x_wconf 88' lang='lat' dir='ltr'><strong>nisi</strong></span> <span class='ocrx_word' id='word_1_76' title='bbox 568 1866 682 1945; x_wconf 59' lang='grc'>000010</span> <span class='ocrx_word' id='word_1_77' title='bbox 704 1855 772 1920; x_wconf 87' lang='lat' dir='ltr'><strong>fiat.</strong></span> <span class='ocrx_word' id='word_1_78' title='bbox 818 1855 941 1946; x_wconf 81' lang='lat' dir='ltr'><strong>Sponte</strong></span> <span class='ocrx_word' id='word_1_79' title='bbox 969 1879 1030 1917; x_wconf 90' lang='grc'><strong>00-</strong></span> 
     </span>
     <span class='ocr_line' id='line_1_14' title="bbox 64 1971 1059 2065; baseline -0.001 -27"><span class='ocrx_word' id='word_1_80' title='bbox 64 1990 130 2038; x_wconf 89' lang='lat' dir='ltr'><strong>tem</strong></span> <span class='ocrx_word' id='word_1_81' title='bbox 165 1972 238 2038; x_wconf 88' lang='lat' dir='ltr'><strong>fieri</strong></span> <span class='ocrx_word' id='word_1_82' title='bbox 266 1971 475 2059; x_wconf 82' lang='lat' dir='ltr'><strong>intelligitur,</strong></span> <span class='ocrx_word' id='word_1_83' title='bbox 508 1973 599 2064; x_wconf 90' lang='lat' dir='ltr'><strong>quod</strong></span> <span class='ocrx_word' id='word_1_84' title='bbox 627 1976 701 2065; x_wconf 87' lang='lat' dir='ltr'><strong>quis</strong></span> <span class='ocrx_word' id='word_1_85' title='bbox 728 1998 860 2056; x_wconf 89' lang='lat' dir='ltr'><strong>eorum,</strong></span> <span class='ocrx_word' id='word_1_86' title='bbox 891 1972 1059 2063; x_wconf 77' lang='grc' dir='ltr'><strong>000010Ἰ</strong></span> 
     </span>
     <span class='ocr_line' id='line_1_15' title="bbox 62 2093 1030 2182; baseline 0.001 -26"><span class='ocrx_word' id='word_1_87' title='bbox 62 2116 119 2156; x_wconf 90' lang='grc'><strong>000</strong></span> <span class='ocrx_word' id='word_1_88' title='bbox 142 2109 299 2182; x_wconf 81' lang='lat' dir='ltr'><strong>potestate</strong></span> <span class='ocrx_word' id='word_1_89' title='bbox 328 2093 389 2158; x_wconf 88' lang='lat' dir='ltr'><strong>sita</strong></span> <span class='ocrx_word' id='word_1_90' title='bbox 416 2111 511 2175; x_wconf 91' lang='lat' dir='ltr'><strong>sunt,</strong></span> <span class='ocrx_word' id='word_1_91' title='bbox 535 2096 615 2177; x_wconf 84' lang='lat' dir='ltr'><strong>egit,</strong></span> <span class='ocrx_word' id='word_1_92' title='bbox 646 2095 768 2175; x_wconf 85' lang='lat' dir='ltr'><strong>sciens,</strong></span> <span class='ocrx_word' id='word_1_93' title='bbox 800 2117 907 2182; x_wconf 89' lang='lat' dir='ltr'><strong>neque</strong></span> <span class='ocrx_word' id='word_1_94' title='bbox 934 2093 1030 2176; x_wconf 82' lang='lat' dir='ltr'><strong>igno·</strong></span> 
     </span>
     <span class='ocr_line' id='line_1_16' title="bbox 61 2211 1032 2301; baseline -0.002 -24"><span class='ocrx_word' id='word_1_95' title='bbox 61 2233 157 2291; x_wconf 78' lang='lat' dir='ltr'><strong>rans,</strong></span> <span class='ocrx_word' id='word_1_96' title='bbox 181 2234 289 2300; x_wconf 77' lang='lat' dir='ltr'><strong>neque</strong></span> <span class='ocrx_word' id='word_1_97' title='bbox 318 2235 434 2301; x_wconf 89' lang='lat' dir='ltr'><strong>quem,</strong></span> <span class='ocrx_word' id='word_1_98' title='bbox 459 2235 565 2300; x_wconf 90' lang='lat' dir='ltr'><strong>neque</strong></span> <span class='ocrx_word' id='word_1_99' title='bbox 594 2235 662 2300; x_wconf 91' lang='grc'><strong>000</strong></span> <span class='ocrx_word' id='word_1_100' title='bbox 684 2212 774 2300; x_wconf 84' lang='grc'>00001</span> <span class='ocrx_word' id='word_1_101' title='bbox 795 2211 1032 2290; x_wconf 78' lang='lat' dir='ltr'><strong>instrumente,</strong></span> 
     </span>
    </p>
   </div>
   <div class='ocr_carea' id='block_1_4' title="bbox 61 2331 1163 2425">
    <p class='ocr_par' dir='ltr' id='par_1_5' title="bbox 61 2331 1163 2425">
     <span class='ocr_line' id='line_1_17' title="bbox 61 2331 1163 2425; baseline -0.004 -32"><span class='ocrx_word' id='word_1_102' title='bbox 61 2353 171 2418; x_wconf 89' lang='lat' dir='ltr'><strong>neque</strong></span> <span class='ocrx_word' id='word_1_103' title='bbox 195 2333 288 2414; x_wconf 87' lang='lat' dir='ltr'><strong>eujus</strong></span> <span class='ocrx_word' id='word_1_104' title='bbox 309 2332 357 2395; x_wconf 88' lang='lat' dir='ltr'><strong>rei</strong></span> <span class='ocrx_word' id='word_1_105' title='bbox 378 2354 496 2395; x_wconf 82' lang='lat' dir='ltr'><strong>caussa.</strong></span> <span class='ocrx_word' id='word_1_106' title='bbox 542 2331 664 2395; x_wconf 84' lang='lat' dir='ltr'><strong>Eorum</strong></span> <span class='ocrx_word' id='word_1_107' title='bbox 677 2347 803 2410; x_wconf 87' lang='lat' dir='ltr'><strong>autem,</strong></span> <span class='ocrx_word' id='word_1_108' title='bbox 828 2353 911 2419; x_wconf 78' lang='lat' dir='ltr'><strong>quae</strong></span> <span class='ocrx_word' id='word_1_109' title='bbox 925 2332 1073 2425; x_wconf 43' lang='lat' dir='ltr'><strong>spon-ff⁴</strong></span> <span class='ocrx_word' id='word_1_110' title='bbox 1105 2378 1107 2383; x_wconf 17' lang='grc' dir='ltr'><em>Α</em></span> <span class='ocrx_word' id='word_1_111' title='bbox 1152 2386 1163 2405; x_wconf 76' lang='grc'>,</span> 
     </span>
    </p>
   </div>
   <div class='ocr_carea' id='block_1_5' title="bbox 58 2439 1064 2657">
    <p class='ocr_par' dir='ltr' id='par_1_6' title="bbox 58 2439 1064 2657">
     <span class='ocr_line' id='line_1_18' title="bbox 62 2439 1064 2539; baseline -0.003 -24"><span class='ocrx_word' id='word_1_112' title='bbox 62 2467 95 2515; x_wconf 90' lang='lat' dir='ltr'><strong>te</strong></span> <span class='ocrx_word' id='word_1_113' title='bbox 132 2446 236 2529; x_wconf 87' lang='lat' dir='ltr'><strong>liunt,</strong></span> <span class='ocrx_word' id='word_1_114' title='bbox 273 2450 393 2538; x_wconf 90' lang='lat' dir='ltr'><strong>partim</strong></span> <span class='ocrx_word' id='word_1_115' title='bbox 434 2439 530 2539; x_wconf 76' lang='lat' dir='ltr'><strong>cepto</strong></span> <span class='ocrx_word' id='word_1_116' title='bbox 570 2449 663 2539; x_wconf 89' lang='lat' dir='ltr'><strong>prius</strong></span> <span class='ocrx_word' id='word_1_117' title='bbox 706 2445 839 2514; x_wconf 90' lang='lat' dir='ltr'><strong>consilio</strong></span> <span class='ocrx_word' id='word_1_118' title='bbox 873 2440 1064 2529; x_wconf 50' lang='lat' dir='ltr'><strong>vfacimus,¹</strong></span> 
     </span>
     <span class='ocr_line' id='line_1_19' title="bbox 58 2552 1063 2657; baseline -0.003 -25"><span class='ocrx_word' id='word_1_119' title='bbox 58 2568 181 2655; x_wconf 85' lang='lat' dir='ltr'><strong>partim</strong></span> <span class='ocrx_word' id='word_1_120' title='bbox 211 2589 278 2631; x_wconf 92' lang='lat' dir='ltr'><strong>non</strong></span> <span class='ocrx_word' id='word_1_121' title='bbox 312 2563 426 2657; x_wconf 77' lang='lat' dir='ltr'><strong>capto:</strong></span> <span class='ocrx_word' id='word_1_122' title='bbox 460 2592 498 2632; x_wconf 90' lang='grc'><strong>00</strong></span> <span class='ocrx_word' id='word_1_123' title='bbox 528 2583 625 2657; x_wconf 83' lang='lat' dir='ltr'><strong>capto</strong></span> <span class='ocrx_word' id='word_1_124' title='bbox 653 2566 788 2657; x_wconf 89' lang='lat' dir='ltr'><strong>quidem</strong></span> <span class='ocrx_word' id='word_1_125' title='bbox 815 2564 948 2632; x_wconf 90' lang='lat' dir='ltr'><strong>oonsilio</strong></span> <span class='ocrx_word' id='word_1_126' title='bbox 974 2552 1063 2648; x_wconf 69' lang='lat' dir='ltr'><strong>ea,.]¹</strong></span> 
     </span>
    </p>
   </div>
   <div class='ocr_carea' id='block_1_6' title="bbox 59 2677 1145 2775">
    <p class='ocr_par' dir='ltr' id='par_1_7' title="bbox 59 2677 1145 2775">
     <span class='ocr_line' id='line_1_20' title="bbox 59 2677 1145 2775; baseline -0.001 -26"><span class='ocrx_word' id='word_1_127' title='bbox 59 2682 103 2750; x_wconf 92' lang='lat' dir='ltr'><strong>de</strong></span> <span class='ocrx_word' id='word_1_128' title='bbox 133 2685 252 2774; x_wconf 89' lang='lat' dir='ltr'><strong>quibus</strong></span> <span class='ocrx_word' id='word_1_129' title='bbox 282 2687 371 2775; x_wconf 88' lang='lat' dir='ltr'><strong>prius</strong></span> <span class='ocrx_word' id='word_1_130' title='bbox 399 2683 667 2767; x_wconf 88' lang='lat' dir='ltr'><strong>deliberavimus,</strong></span> <span class='ocrx_word' id='word_1_131' title='bbox 690 2703 758 2752; x_wconf 88' lang='lat' dir='ltr'><strong>non</strong></span> <span class='ocrx_word' id='word_1_132' title='bbox 784 2703 880 2775; x_wconf 89' lang='lat' dir='ltr'><strong>eapto</strong></span> <span class='ocrx_word' id='word_1_133' title='bbox 902 2700 1035 2767; x_wconf 84' lang='lat' dir='ltr'><strong>autem,</strong></span> <span class='ocrx_word' id='word_1_134' title='bbox 1059 2684 1061 2689; x_wconf 76' lang='grc'><strong>’</strong></span> <span class='ocrx_word' id='word_1_135' title='bbox 1138 2677 1145 2691; x_wconf 75' lang='grc'><strong><em>’</em></strong></span> 
     </span>
    </p>
   </div>
   <div class='ocr_carea' id='block_1_7' title="bbox 52 2798 1114 3492">
    <p class='ocr_par' dir='ltr' id='par_1_8' title="bbox 52 2798 1114 3492">
     <span class='ocr_line' id='line_1_21' title="bbox 59 2798 1078 2890; baseline 0.004 -20"><span class='ocrx_word' id='word_1_136' title='bbox 59 2827 139 2870; x_wconf 89' lang='lat' dir='ltr'><strong>cum</strong></span> <span class='ocrx_word' id='word_1_137' title='bbox 162 2801 252 2868; x_wconf 86' lang='lat' dir='ltr'><strong>nulla</strong></span> <span class='ocrx_word' id='word_1_138' title='bbox 274 2802 464 2869; x_wconf 86' lang='lat' dir='ltr'><strong>deliberatio</strong></span> <span class='ocrx_word' id='word_1_139' title='bbox 484 2805 667 2871; x_wconf 78' lang='lat' dir='ltr'><strong>&#39;antecessit</strong></span> <span class='ocrx_word' id='word_1_140' title='bbox 714 2806 831 2871; x_wconf 83' lang='lat' dir='ltr'><strong>Trium</strong></span> <span class='ocrx_word' id='word_1_141' title='bbox 850 2805 949 2890; x_wconf 81' lang='lat' dir='ltr'><strong>igitur</strong></span> <span class='ocrx_word' id='word_1_142' title='bbox 970 2828 1030 2889; x_wconf 79' lang='lat' dir='ltr'><strong>ge·</strong></span> <span class='ocrx_word' id='word_1_143' title='bbox 1063 2798 1078 2874; x_wconf 46' lang='grc'><strong>’.</strong></span> 
     </span>
     <span class='ocr_line' id='line_1_22' title="bbox 57 2906 1067 3033; baseline -0.001 -45"><span class='ocrx_word' id='word_1_144' title='bbox 57 2947 178 2988; x_wconf 86' lang='lat' dir='ltr'><strong>nerum</strong></span> <span class='ocrx_word' id='word_1_145' title='bbox 201 2921 344 3004; x_wconf 88' lang='lat' dir='ltr'><strong>damnis,</strong></span> <span class='ocrx_word' id='word_1_146' title='bbox 369 2949 451 3013; x_wconf 86' lang='lat' dir='ltr'><strong>quae</strong></span> <span class='ocrx_word' id='word_1_147' title='bbox 473 2924 509 2988; x_wconf 91' lang='lat' dir='ltr'><strong>in</strong></span> <span class='ocrx_word' id='word_1_148' title='bbox 531 2925 735 2989; x_wconf 87' lang='lat' dir='ltr'><strong>societatibus</strong></span> <span class='ocrx_word' id='word_1_149' title='bbox 757 2923 964 3004; x_wconf 89' lang='lat' dir='ltr'><strong>inferuntur,</strong></span> <span class='ocrx_word' id='word_1_150' title='bbox 987 2923 1033 2988; x_wconf 87' lang='lat' dir='ltr'><strong>ita</strong></span> <span class='ocrx_word' id='word_1_151' title='bbox 1049 2906 1067 3033; x_wconf 41' lang='grc' dir='ltr'>ἑ</span> 
     </span>
     <span class='ocr_line' id='line_1_23' title="bbox 58 3026 1065 3132; baseline -0.004 -22"><span class='ocrx_word' id='word_1_152' title='bbox 58 3026 234 3132; x_wconf 80' lang='lat' dir='ltr'><strong>expositis,</strong></span> <span class='ocrx_word' id='word_1_153' title='bbox 257 3051 369 3109; x_wconf 82' lang='lat' dir='ltr'><strong>eorum</strong></span> <span class='ocrx_word' id='word_1_154' title='bbox 391 3041 511 3108; x_wconf 87' lang='lat' dir='ltr'><strong>deinde</strong></span> <span class='ocrx_word' id='word_1_155' title='bbox 531 3041 647 3109; x_wconf 87' lang='lat' dir='ltr'><strong>definit</strong></span> <span class='ocrx_word' id='word_1_156' title='bbox 667 3041 812 3107; x_wconf 86' lang='lat' dir='ltr'><strong>indolem</strong></span> <span class='ocrx_word' id='word_1_157' title='bbox 835 3026 1038 3129; x_wconf 65' lang='lat' dir='ltr'><strong>nominaque⁴</strong></span> <span class='ocrx_word' id='word_1_158' title='bbox 1061 3036 1065 3043; x_wconf 72' lang='grc'><em>’</em></span> 
     </span>
     <span class='ocr_line' id='line_1_24' title="bbox 57 3150 1066 3250; baseline 0 -23"><span class='ocrx_word' id='word_1_159' title='bbox 57 3159 252 3246; x_wconf 83' lang='lat' dir='ltr'><strong>distinguit,</strong></span> <span class='ocrx_word' id='word_1_160' title='bbox 275 3185 351 3226; x_wconf 89' lang='lat' dir='ltr'><strong>eum</strong></span> <span class='ocrx_word' id='word_1_161' title='bbox 378 3160 541 3250; x_wconf 84' lang='lat' dir='ltr'><strong>hominem</strong></span> <span class='ocrx_word' id='word_1_162' title='bbox 563 3186 630 3229; x_wconf 91' lang='lat' dir='ltr'><strong>non</strong></span> <span class='ocrx_word' id='word_1_163' title='bbox 654 3160 759 3227; x_wconf 89' lang='lat' dir='ltr'><strong>solum</strong></span> <span class='ocrx_word' id='word_1_164' title='bbox 779 3164 897 3247; x_wconf 90' lang='lat' dir='ltr'><strong>injuste</strong></span> <span class='ocrx_word' id='word_1_165' title='bbox 921 3185 1031 3246; x_wconf 84' lang='lat' dir='ltr'><strong>agere,</strong></span> <span class='ocrx_word' id='word_1_166' title='bbox 1064 3150 1066 3155; x_wconf 28' lang='grc' dir='ltr'>Ι</span> 
     </span>
     <span class='ocr_line' id='line_1_25' title="bbox 55 3263 1066 3381; baseline 0.001 -36"><span class='ocrx_word' id='word_1_167' title='bbox 55 3277 119 3346; x_wconf 89' lang='lat' dir='ltr'><strong>sed</strong></span> <span class='ocrx_word' id='word_1_168' title='bbox 161 3281 257 3345; x_wconf 88' lang='lat' dir='ltr'><strong>etiam</strong></span> <span class='ocrx_word' id='word_1_169' title='bbox 291 3280 450 3381; x_wconf 79' lang='lat' dir='ltr'><strong>injustum</strong></span> <span class='ocrx_word' id='word_1_170' title='bbox 486 3305 552 3346; x_wconf 91' lang='lat' dir='ltr'><strong>esse</strong></span> <span class='ocrx_word' id='word_1_171' title='bbox 586 3263 803 3363; x_wconf 84' lang='lat' dir='ltr'><strong>concludens,</strong></span> <span class='ocrx_word' id='word_1_172' title='bbox 841 3282 900 3370; x_wconf 91' lang='lat' dir='ltr'><strong>qui</strong></span> <span class='ocrx_word' id='word_1_173' title='bbox 937 3297 1036 3370; x_wconf 87' lang='lat' dir='ltr'><strong>capto</strong></span> <span class='ocrx_word' id='word_1_174' title='bbox 1061 3276 1066 3293; x_wconf 78' lang='grc'><strong>”</strong></span> 
     </span>
     <span class='ocr_line' id='line_1_26' title="bbox 52 3397 1114 3492; baseline -0.004 -27"><span class='ocrx_word' id='word_1_175' title='bbox 52 3401 151 3492; x_wconf 89' lang='lat' dir='ltr'><strong>prius</strong></span> <span class='ocrx_word' id='word_1_176' title='bbox 173 3397 308 3466; x_wconf 88' lang='lat' dir='ltr'><strong>consilio</strong></span> <span class='ocrx_word' id='word_1_177' title='bbox 330 3397 428 3464; x_wconf 89' lang='lat' dir='ltr'><strong>alium</strong></span> <span class='ocrx_word' id='word_1_178' title='bbox 451 3398 568 3483; x_wconf 87' lang='lat' dir='ltr'><strong>laedit,</strong></span> <span class='ocrx_word' id='word_1_179' title='bbox 592 3404 734 3485; x_wconf 82' lang='lat' dir='ltr'><strong>justum,</strong></span> <span class='ocrx_word' id='word_1_180' title='bbox 760 3401 818 3491; x_wconf 88' lang='lat' dir='ltr'><strong>qui</strong></span> <span class='ocrx_word' id='word_1_181' title='bbox 838 3417 935 3489; x_wconf 88' lang='lat' dir='ltr'><strong>capto</strong></span> <span class='ocrx_word' id='word_1_182' title='bbox 949 3422 1031 3463; x_wconf 86' lang='lat' dir='ltr'><strong>oon·</strong></span> <span class='ocrx_word' id='word_1_183' title='bbox 1053 3451 1055 3454; x_wconf 61' lang='grc'>,</span> <span class='ocrx_word' id='word_1_184' title='bbox 1109 3417 1114 3422; x_wconf 87' lang='grc'><em>·</em></span> 
     </span>
    </p>
   </div>
   <div class='ocr_carea' id='block_1_8' title="bbox 72 3638 1053 3908">
    <p class='ocr_par' dir='ltr' id='par_1_9' title="bbox 72 3638 1053 3908">
     <span class='ocr_line' id='line_1_27' title="bbox 89 3638 1039 3742; baseline -0.005 -20"><span class='ocrx_word' id='word_1_185' title='bbox 89 3670 141 3741; x_wconf 85' lang='lat'>(1)&#39;</span> <span class='ocrx_word' id='word_1_186' title='bbox 153 3670 197 3722; x_wconf 88' lang='lat' dir='ltr'><strong>Cf.</strong></span> <span class='ocrx_word' id='word_1_187' title='bbox 208 3671 289 3723; x_wconf 83' lang='lat' dir='ltr'><strong>Arist.</strong></span> <span class='ocrx_word' id='word_1_188' title='bbox 301 3671 406 3741; x_wconf 81' lang='lat' dir='ltr'><strong>Nicom.</strong></span> <span class='ocrx_word' id='word_1_189' title='bbox 418 3671 454 3724; x_wconf 88' lang='lat' dir='ltr'><strong>V.</strong></span> <span class='ocrx_word' id='word_1_190' title='bbox 466 3675 491 3723; x_wconf 88' lang='grc'><strong>5.</strong></span> <span class='ocrx_word' id='word_1_191' title='bbox 500 3638 542 3725; x_wconf 65' lang='grc'><strong>61.</strong></span> <span class='ocrx_word' id='word_1_192' title='bbox 553 3673 584 3725; x_wconf 87' lang='grc' dir='ltr'><strong>Β.</strong></span> <span class='ocrx_word' id='word_1_193' title='bbox 603 3675 704 3740; x_wconf 74' lang='grc' dir='ltr'><em>σχεδὸν</em></span> <span class='ocrx_word' id='word_1_194' title='bbox 720 3675 771 3742; x_wconf 71' lang='grc' dir='ltr'><strong>γὰρ</strong></span> <span class='ocrx_word' id='word_1_195' title='bbox 785 3672 820 3720; x_wconf 81' lang='grc' dir='ltr'><strong>τὰ</strong></span> <span class='ocrx_word' id='word_1_196' title='bbox 829 3667 979 3722; x_wconf 63' lang='lat' dir='ltr'><strong>nosteros</strong></span> <span class='ocrx_word' id='word_1_197' title='bbox 988 3687 1039 3718; x_wconf 72' lang='lat' dir='ltr'><strong>so-</strong></span> 
     </span>
     <span class='ocr_line' id='line_1_28' title="bbox 150 3751 1037 3825; baseline 0.002 -25"><span class='ocrx_word' id='word_1_198' title='bbox 150 3757 238 3816; x_wconf 77' lang='grc' dir='ltr'>μίμων</span> <span class='ocrx_word' id='word_1_199' title='bbox 264 3756 300 3802; x_wconf 83' lang='grc' dir='ltr'><strong>τὰ</strong></span> <span class='ocrx_word' id='word_1_200' title='bbox 320 3755 372 3805; x_wconf 81' lang='grc' dir='ltr'><strong>ἀπὸ</strong></span> <span class='ocrx_word' id='word_1_201' title='bbox 394 3760 441 3820; x_wconf 82' lang='grc' dir='ltr'><strong>τῆς</strong></span> <span class='ocrx_word' id='word_1_202' title='bbox 460 3755 523 3822; x_wconf 76' lang='grc' dir='ltr'><strong>ὅλης</strong></span> <span class='ocrx_word' id='word_1_203' title='bbox 546 3756 643 3824; x_wconf 69' lang='grc' dir='ltr'><strong><em>ἀρετῆς</em></strong></span> <span class='ocrx_word' id='word_1_204' title='bbox 660 3754 885 3825; x_wconf 72' lang='grc' dir='ltr'><strong><em>προςταττόμενά</em></strong></span> <span class='ocrx_word' id='word_1_205' title='bbox 901 3754 967 3803; x_wconf 76' lang='grc' dir='ltr'><strong>ἔστι.</strong></span> <span class='ocrx_word' id='word_1_206' title='bbox 1004 3751 1037 3802; x_wconf 85' lang='lat' dir='ltr'><strong>ln</strong></span> 
     </span>
     <span class='ocr_line' id='line_1_29' title="bbox 72 3827 1053 3908; baseline 0 -21"><span class='ocrx_word' id='word_1_207' title='bbox 72 3855 76 3858; x_wconf 88' lang='lat'>·</span> <span class='ocrx_word' id='word_1_208' title='bbox 149 3837 265 3904; x_wconf 82' lang='lat' dir='ltr'><strong>margine</strong></span> <span class='ocrx_word' id='word_1_209' title='bbox 283 3835 334 3888; x_wconf 83' lang='lat' dir='ltr'><strong>Ed.</strong></span> <span class='ocrx_word' id='word_1_210' title='bbox 352 3836 462 3890; x_wconf 82' lang='lat' dir='ltr'><strong>Duvell.</strong></span> <span class='ocrx_word' id='word_1_211' title='bbox 479 3839 617 3908; x_wconf 84' lang='lat' dir='ltr'><strong>legendum</strong></span> <span class='ocrx_word' id='word_1_212' title='bbox 634 3839 758 3890; x_wconf 88' lang='lat' dir='ltr'><strong>suadetur</strong></span> <span class='ocrx_word' id='word_1_213' title='bbox 774 3827 952 3906; x_wconf 61' lang='grc' dir='ltr'><strong><em>πραττόρενά</em></strong></span> <span class='ocrx_word' id='word_1_214' title='bbox 966 3838 1053 3898; x_wconf 54' lang='grc' dir='ltr'><em>ἔστη·</em></span> 
     </span>
    </p>
   </div>
   <div class='ocr_carea' id='block_1_9' title="bbox 92 3920 941 4073">
    <p class='ocr_par' dir='ltr' id='par_1_10' title="bbox 92 3920 941 4073">
     <span class='ocr_line' id='line_1_30' title="bbox 151 3920 941 3994; baseline 0.005 -26"><span class='ocrx_word' id='word_1_215' title='bbox 151 3935 220 3987; x_wconf 84' lang='grc'>0000</span> <span class='ocrx_word' id='word_1_216' title='bbox 238 3920 337 3987; x_wconf 85' lang='lat' dir='ltr'><strong>lectio,</strong></span> <span class='ocrx_word' id='word_1_217' title='bbox 357 3931 468 3989; x_wconf 85' lang='lat' dir='ltr'><strong>propter</strong></span> <span class='ocrx_word' id='word_1_218' title='bbox 486 3924 637 3994; x_wconf 86' lang='lat' dir='ltr'><strong>sequentia,</strong></span> <span class='ocrx_word' id='word_1_219' title='bbox 656 3922 765 3980; x_wconf 82' lang='lat' dir='ltr'><strong>videtur</strong></span> <span class='ocrx_word' id='word_1_220' title='bbox 783 3921 941 3990; x_wconf 75' lang='lat' dir='ltr'><strong>redoptanda.</strong></span> 
     </span>
     <span class='ocr_line' id='line_1_31' title="bbox 92 3993 499 4073; baseline 0.007 -19"><span class='ocrx_word' id='word_1_221' title='bbox 92 3993 499 4073; x_wconf 58' lang='lat' dir='ltr'><strong>mmmtmmn</strong></span> 
     </span>
    </p>
   </div>
   <div class='ocr_carea' id='block_1_10' title="bbox 0 0 1266 4672">
    <p class='ocr_par' dir='ltr' id='par_1_11' title="bbox 0 0 1266 4672">
     <span class='ocr_line' id='line_1_32' title="bbox 0 0 1266 4672; baseline 0 0"><span class='ocrx_word' id='word_1_222' title='bbox 0 0 1266 4672; x_wconf 95' lang='lat' dir='ltr'><strong> </strong></span> 
     </span>
    </p>
   </div>
  </div>
 </body>
</html>
