2520 4672
602 312 667 375 242

150 527 287 619 proprio
306 524 434 591 tramite
456 523 681 605 insistentem,
697 539 810 588 rerum
827 524 1109 594 [thinarum-eau·

151 672 199 713 sas
227 647 472 737 anquirentem‚
496 650 548 709 τοῦ
570 647 666 717 ὄντως
693 646 779 717 ὄντος
804 644 974 711 scientiam
997 666 1109 714 venan-

150 785 225 834 tem.
284 761 506 832 Aristotelicas
548 758 741 851 discipliuae
782 759 928 831 indolem
969 767 997 831 si
1037 785 1111 834 reete
1153 778 1157 788 '

150 907 340 970 cognoscere
364 880 516 964 velimus,
549 900 702 971 reputare
731 899 860 972 oportet
879 900 913 949 et
941 887 1110 953 institutio·

149 1030 225 1070 nem
251 1001 411 1082 Platonis,
449 1017 482 1066 et
514 1000 695 1091 antiquiori
722 999 950 1091 philosophiae
978 1004 1110 1092 dihgen·

150 1125 304 1190 tissimum
335 1144 467 1211 operam
497 1136 646 1187 navatam
669 1123 806 1210 ejusque
834 1116 1113 1204 accuratissimam,

108 1263 114 1270 ·
149 1266 214 1332 pro
253 1239 310 1306 illo
341 1254 527 1328 tempore,‘
545 1240 736 1328 acquisitam
762 1241 932 1322 notitiam,
968 1260 1002 1308 et
1029 1244 1112 1328 inge-

150 1361 244 1425 nium
279 1357 466 1449 philosophi
498 1356 782 1444 adjudicandum
809 1384 847 1425 ac
875 1360 1114 1447 corrigendum,

151 1504 251 1570 quam
278 1477 320 1543 ad
346 1474 567 1563 effingendum
594 1494 693 1568 atque
721 1477 949 1545 exornandum
977 1484 1114 1572 pronius.

151 1580 186 1665 Si
223 1621 297 1665 vere
327 1595 394 1661 dici
430 1612 537 1686 potest
572 1596 713 1692 Socratis
740 1595 891 1663 doctrina
919 1617 1114 1692 temporum,

151 1719 272 1809 quihus
295 1718 392 1796 vixit,
425 1709 539 1781 deberi
565 1717 762 1798 necessitati,
786 1740 855 1782 non
880 1716 1031 1786 inferiori
1051 1725 1115 1806 jure

149 1837 316 1917 statueris,
340 1831 581 1904 Aristotelicum
608 1858 782 1924 nunquam
809 1835 923 1921 talem,
947 1836 1053 1928 qualis
1081 1840 1115 1904 ab

150 1971 282 2022 auctore
311 1951 399 2019 edita
425 1969 494 2036 est,
516 1951 612 2019 fuisse
639 1953 873 2045 prodituram,
888 1957 951 2021 nisi
978 1957 1017 2023 eh
1044 1975 1117 2056 esset

149 2092 230 2140 tunc
258 2072 412 2162 temporis
440 2070 648 2163 philosophia
686 2060 872 2140 conditione
908 2100 986 2159 usa,
1023 2102 1116 2170 qnam

57 2259 60 2267 ,
144 2191 447 2281 exsuperioribus,
469 2178 717 2284 spero,'uliquo
738 2192 836 2259 modo
857 2193 1017 2262 hahemus
1038 2220 1111 2288 per-

108 2322 122 2345 “’
147 2327 301 2402 spectem.
360 2309 491 2376 Etenim
528 2312 678 2402 quisquis
711 2314 749 2376 iu
776 2313 958 2380 Aristotelis
993 2318 1113 2408 scriptis

145 2450 215 2497 non
251 2431 384 2496 omnino
409 2430 529 2521 hospes
559 2432 686 2514 existit,
717 2449 863 2499 veterum
888 2431 1030 2525 placita,
1053 2439 1111 2504 sive

143 2550 265 2617 diserte
295 2546 523 2640 appellantur,
554 2551 620 2616 sive
648 2551 745 2616 tacite
772 2552 978 2637 innuuntur,
1001 2555 1113 2646 respici

144 2672 266 2750 ubivis,
299 2668 446 2746 laudari,
479 2671 605 2750 notari,
637 2670 776 2755 corrigi,
808 2691 940 2737 necesse
969 2690 1019 2738 est
1044 2675 1112 2739 sni·

143 2788 365 2856 madverterit.
410 2786 525 2877 Neque
554 2811 637 2879 opus
664 2806 713 2854 est
739 2787 835 2873 ideo,
857 2806 895 2855 ut
922 2788 1114 2859 simultatem

141 2907 250 2991 illam,
287 2934 388 2998 quam
422 2907 638 2974 intercessisse
674 2907 852 2998 perhibent
885 2909 997 2999 ipsum
1031 2911 1114 2979 inter

142 3046 176 3096 et
202 3028 389 3111 Platonem,
412 3049 592 3112 urgeamus.
638 3027 796 3116 Quamvis
823 3028 911 3093 enim
937 3027 1020 3123 haec
1042 3040 1112 3097 tre·

61 3180 64 3185 ·
143 3146 225 3212 ditio
251 3169 319 3212 non
348 3146 438 3211 omni
465 3143 679 3211 fundamento
699 3143 856 3212 destituta
876 3145 1030 3232 videtur,
1052 3168 1113 3241 pos

142 3281 206 3331 test
221 3283 344 3340 ,tamen
371 3261 463 3330 facile
492 3265 587 3329 etiam
615 3263 746 3331 ahu'nde
780 3290 873 3332 causa
900 3270 1030 3357 repeti,
1059 3292 1114 3336 cur

140 3384 334 3476 praesertim
371 3381 514 3448 Platonis
545 3382 697 3448 doctriua
733 3384 774 3448 ab
805 3384 984 3452 Aristotele
1012 3389 1113 3474 agite·

141 3520 215 3588 tur3
239 3519 282 3599 „et
308 3502 364 3567 hie
391 3519 578 3592 praeterea,
616 3519 779 3593 quatenus
815 3505 877 3570 sihi
913 3506 1114 3577 innotescere

139 3639 286 3714 poterat,
311 3618 435 3685 nullam
457 3614 728 3711 philosophorum
755 3614 942 3690 doctrinam
968 3627 1120 3725 irrepre-⁴

138 3740 273 3808 heusam
307 3738 454 3830 reliquit.
514 3740 585 3806 Hoc
611 3741 779 3831 ingenium
813 3742 924 3811 elucet
962 3749 1000 3811 in
1035 3750 1111 3816 uni·

135 3883 227 3928 versa
249 3857 461 3951 philosophia
483 3858 686 3945 Aristotelis,
709 3885 818 3953 neque
846 3865 882 3930 in
908 3868 1012 3960 ipsius
1040 3868 1110 3961 pla-

136 3979 207 4046 citis
235 3995 384 4064 tantum,
407 3979 466 4048 sed
494 3995 662 4072 spectatur
683 3982 782 4052 etiam
811 3985 847 4049 in
875 3984 981 4056 forma
1007 3989 1111 4059 disse·
