2520 4672
667 277 727 343 146

215 492 377 582 phorum,
411 512 492 580 quos
526 490 561 553 in
593 488 745 554 inanibus
773 489 1020 579 quaestionibus
1047 460 1190 563 versatos

215 634 283 677 aare
317 608 503 697 judicabat,
537 608 668 693 vestigia
696 609 866 696 presserit,
898 631 1008 700 neque
1038 608 1193 680 abeolm

216 727 406 820 discipliuae
424 725 528 793 forma
545 725 666 818 placita
685 751 742 791 sua
760 726 946 818 complexus
962 727 1083 814 fuerit,
1108 731 1190 824 plri-

217 849 399 940 losophiam
415 865 523 914 tamen
541 871 607 912 non
631 845 872 929 deseruit„sed
893 846 1080 916 emendavit
1096 873 1187 935 eam,

218 971 302 1053 imo,
336 966 520 1060 aequalium
547 967 643 1032 etiam
668 963 809 1051 judicio,
842 965 934 1056 quasi
960 969 1108 1058 persona
1135 962 1194 1035 aad

216 1087 478 1180 repraesentavit.
536 1087 623 1152 Hinc
661 1084 853 1174 sophistae,
895 1087 1017 1176 quibus
1053 1087 1123 1155 hac
1155 1113 1190 1155 rc

218 1210 317 1274 ctiam
353 1207 520 1296 oppositus
558 1204 638 1288 fuit,
672 1205 777 1294 ipsam
809 1203 1052 1296 philosophiam
1084 1206 1192 1275 adorti

217 1343 315 1406 sant,
345 1341 384 1389 ut
414 1340 576 1389 nocerent·
602 1320 650 1387 illi
679 1323 747 1414 (l);
782 1321 861 1389 hinc
888 1325 1005 1389 Critias
1033 1341 1067 1392 et
1096 1325 1189 1392 Cha-

96 1455 98 1458 ’
215 1442 326 1526 ricles,
351 1459 388 1509 ut
414 1443 597 1525 Socratem,
621 1465 662 1507 ne
690 1441 824 1508 doceret
849 1444 1076 1529 juventutem,
1106 1469 1189 1536 pro-

215 1563 385 1645 hiberent,
409 1559 450 1627 de
475 1559 680 1653 philosophis
702 1562 851 1628 universe
872 1560 976 1648 leg‘cm
1000 1554 1109 1631 tulere
1131 1564 1189 1655 (2).

215 1683 357 1751 Videtur
392 1681 456 1748 hoc
494 1682 604 1772 ipsum
644 1681 740 1746 etiam
780 1679 870 1746 haud
910 1668 1192 1751 contemnendum

216 1801 312 1869 {inisse
335 1801 548 1868 accusationis
573 1817 689 1890 caput:
720 1799 775 1866 scd
801 1799 948 1868 Socrates
974 1803 1086 1892 potius
1113 1826 1188 1872 mo-

216 1922 247 1986 ri
273 1945 306 1986 se
328 1917 408 1987 velle
436 1937 568 1986 testatus
595 1937 659 2000 est,
689 1931 789 2009 quam
813 1945 832 1984 a
859 1919 1086 2013 philosophiae
1112 1939 1188 1989 stn-

216 2038 274 2107 dio
294 2039 448 2106 desistere
470 2037 529 2129 (3).
557 2076 601 2089 -
626 2038 686 2105 His
712 2039 942 2129 praemonitis,
969 2041 1037 2125 jam
1056 2039 1103 2107 ad
1129 2043 1188 2133 ip·

214 2144 249 2225 sa
269 2157 392 2249 placita
413 2156 614 2224 accedamus.

261 2397 333 2462 Jam
368 2397 427 2486 qui
460 2395 600 2462 Socratis
634 2394 888 2487 philosophandi
922 2395 1097 2466 consilium
1130 2426 1189 2469 re-

207 2516 400 2611 putaverit,
436 2514 529 2582 facile
565 2514 731 2599 admittet,
768 2538 940 2606 nunqnam
974 2516 1015 2582 hb
1051 2542 1095 2585 co
1127 2544 1189 2588 ex·

215 2635 354 2702 hibitam
388 2659 454 2700 esse
491 2652 675 2702 accuratam
704 2636 831 2702 virtutis
867 2633 1114 2724 definitionem,
1147 2640 1190 2707 ad

217 2778 335 2844 quam,
359 2751 455 2841 ‚velut
485 2752 525 2818 ad
555 2771 658 2844 caput
682 2755 858 2845 systematis
884 2753 1013 2848 reliqua
1037 2761 1190 2829 membra

211 2869 328 2939 sedulo
357 2869 531 2962 adaptarit.
586 2872 786 2962 Disputandi
817 2873 953 2964 quidem
981 2882 1187 2967 opportuni·

213 2983 279 3059 tate
306 2991 486 3082 saepissime
514 2989 683 3077 adductrq
706 2992 787 3093 luit,
819 3010 857 3061 ut
887 2992 1025 3063 aliorum
1053 2998 1188 3091 impro-

211 3112 306 3178 baret
329 3113 477 3180 notiones
505 3128 603 3203 atque
632 3114 808 3199 corrigeret
832 3115 1086 3187 substitueretve
1114 3124 1190 3190 mc-'

155 3228 164 3255 l
211 3226 346 3312 liorem,
382 3228 439 3296 sed
477 3254 656 3321 nunquam.
686 3231 783 3299 talem
820 3231 945 3318 edidit,
982 3234 1025 3303 ad
1063 3262 1186 3331 quam,

213 3363 371 3437 tanquam
397 3349 543 3414 omnium
565 3350 778 3434 verissimam,
801 3355 983 3422 universam
1005 3380 1185 3443 argumen-

111 3556 116 3567 Ι
214 3464 370 3533 tationem
391 3462 536 3554 referret.
580 3469 695 3560 Neque
715 3450 832 3559 magis,
855 3476 1075 3566 posteriorum
1095 3481 1188 3567 nog.

241 3786 284 3856 (1)
304 3785 374 3839 Xan.
391 3785 473 3839 Mem.
492 3785 516 3839 l.
534 3789 561 3838 6.
622 3804 625 3810 ’

240 3868 284 3936 (2)
303 3868 373 3922 Xan.
391 3869 473 3923 Mem.
492 3869 516 3921 1.
535 3871 561 3921 2.
578 3871 610 3922 31
628 3888 688 3940 sqq.
707 3890 740 3924 ex
758 3892 814 3946 quo
830 3836 937 3946 repetiit
955 3865 1192 3948 Diogsst..11.19.

240 3948 283 4017 (3)
304 3951 371 4004 Plat.
391 3953 473 4021 Apol.
492 3953 570 4008 Socr.
588 3955 631 4008 29.
650 3954 682 4008 C.
699 3974 759 4026 sqq.
