2520 4672
619 304 681 371 130

165 539 235 603 gem
256 533 289 581 et
309 532 477 597 naturam,
505 537 619 582 verum
639 515 700 582 sibi
720 515 859 584 invicem
881 539 1064 606 opponere,
1089 539 1117 589 et

164 659 203 702 ex
230 633 292 701 hac
322 634 522 724 oppositione
557 634 704 701 evincere
737 636 843 700 conati
874 653 969 718 sunt,
1002 639 1116 721 omnia,

165 778 247 844 quae
269 751 391 838 legibus
413 752 607 837 jubeantur,
630 770 763 819 naturae
784 777 849 820 esse
871 752 1020 846 adeoque
1040 757 1116 822 veri-

165 874 224 939 tati
244 873 421 956 incongrua
442 870 502 959 (l).
548 861 647 957 Leges
668 889 774 937 autem
794 896 861 938 non
881 871 1016 963 speciali
1035 898 1118 940 sensu

159 988 398 1085 intelligebant,
422 987 478 1055 sed
503 991 627 1074 omnia,
652 1015 734 1081 quae
755 994 841 1076 justa
863 991 1048 1076 habentur,
1062 978 1116 1060 siv'e

102 1152 106 1159 ν
159 1109 277 1175 diserte
308 1086 509 1200 praescripta
538 1109 623 1190 sint,
652 1109 717 1175 sive
739 1108 910 1175 hominum
933 1112 1117 1191 commercio

157 1245 353 1320 propagata,
381 1229 446 1305 sive
473 1225 607 1293 tandem
633 1251 750 1318 pravae
772 1229 1015 1294 existimationis
1036 1247 1115 1296 metu

156 1336 367 1439 comprobata
381 1344 439 1435 (2).
485 1347 713 1413 Universam
704 1340 814 1436 itaque
843 1345 1032 1412 tollebant
1022 1347 1114 1433 luetl-

91 1504 98 1513 ·
157 1470 251 1551 tiam,
276 1490 358 1557 quae
379 1467 419 1532 ab
442 1465 628 1531 hominibus
652 1463 836 1547 colebatur,
860 1463 955 1532 aliam
968 1483 1004 1532 et
1016 1488 1113 1530 man

156 1610 206 1651 me
234 1584 394 1652 diversam
420 1585 520 1675 ipsius
543 1582 614 1649 loco
636 1583 854 1648 substituturi.

197 1707 243 1770 2⁰.
276 1704 390 1792 Quum
416 1704 514 1789 igitur
540 1700 663 1787 vulgari
689 1702 767 1786 justi
794 1700 917 1765 notioni
941 1697 1120 1766 naturalem

153 1821 379 1909 abjudicarent
401 1822 576 1907 originem,
600 1818 831 1911 explicandum
848 1839 937 1903 erat,
960 1818 1050 1886 unde
1064 1844 1113 1887 es·

151 1961 213 2013 set¹
233 1957 308 2005 nata
341 1956 375 2004 et
409 1964 475 2030 qua
509 1941 634 2004 ratione
664 1940 760 2006 talem
796 1957 891 2006 nacta
929 1956 1126 2030 tantamque

151 2057 381 2124 auctoritatem.
429 2057 536 2149 Supra
561 2060 629 2142 jam
656 2056 794 2123 diximus
822 2081 861 2124 ex
892 2057 1138 2149 Sophistarum.

149 2158 300 2268 opinione
321 2177 479 2262 justitiam
502 2201 567 2242 esse
590 2176 760 2244 inventum
781 2174 1032 2244 imbecilliorum
1051 2176 1131 2244 ho·-

146 2298 289 2377 minum‚
329 2319 396 2386 quo
421 2293 568 2362 fortiores
602 2295 743 2361 naturali
770 2297 925 2381 injuriam
951 2293 1165 2385 inferendi.-

145 2412 296 2511 facultate
332 2413 561 2480 destituantur.
615 2413 797 2481 Audiamus
830 2411 1017 2499 Calliclem,
1057 2414 1148 2507 qui

145 2531 237 2598 nullo
264 2530 389 2623 pudore
417 2557 449 2598 se
470 2533 604 2598 retineri
627 2531 800 2618 gloriatur,
825 2534 1016 2623 quominus
1029 2556 1132 2624 pro-
1164 2624 1171 2631 ο

144 2654 230 2743 prias
253 2649 440 2736 disciplinae
462 2675 536 2716 suae
557 2653 740 2719 sententias.
752 2650 898 2744 proferat
913 2651 973 2742 (3).
1004 2651 1123 2732 Ἀλλ’,
1151 2718 1161 2735 ‚

144 2766 244 2852 οἶμαι,
276 2773 306 2835 οἱ
331 2770 485 2852 τιθέμενοι
512 2776 581 2846 amic
604 2777 713 2856 νόμους
741 2775 770 2838 oi
793 2746 1164 2857 ἀσθενεῖςᾶνθρωποῖ

145 2892 199 2953 εἶσι
230 2891 283 2953 καί
319 2891 348 2953 οἱ
381 2888 499 2953 πολλοί.
553 2895 634 2976 Πρὸς
662 2894 770 2966 αὐτούς
797 2885 851 2958 οὖν
880 2893 933 2955 καί
955 2890 991 2954 ἑὸ
1014 2892 1143 2965 aff?

143 2985 292 3093 σνιίφέρον
323 3014 393 3081 vorle
423 3032 455 3070 τε
486 3011 594 3090 νόμους
621 3011 761 3076 τίθενται
787 3013 840 3074 καί
870 3012 941 3084 τούς
967 3009 1135 3085 ἐπαίνους

35 3175 38 3181 -
143 3128 317 3192 ἐπαινοῦσιν
342 3129 394 3189 καί
422 3129 491 3201 code
518 3133 633 3210 ψόγους
659 3129 825 3210 ψέγουσιν,
856 3127 1056 3216 έκφοβοῦντές
1079 3146 1160 3203 τε,

141 3245 210 3318 τούς
237 3228 499 3330 ἐρ’ῥωμενισσέροος
526 3251 589 3312 τῶν
610 3249 789 3332 ἀνθρώπων,
806 3250 858 3311 καί
886 3247 1037 3324 δυνατούς
1058 3249 1131 3343 ὄνν

138 3374 193 3435 τοις
228 3359 323 3426 πλέον
357 3364 436 3448 ἔχειν
447 3412 458 3443 ,
489 3367 544 3430 ίνοι
578 3369 619 3446 μὴ
655 3366 756 3432 αὐτῶν
791 3364 886 3432 πλέον
919 3366 1028 3452 ἔχωσι,
1058 3362 1127 3429 ll*

167 3561 207 3631 (l)
229 3558 313 3629 Gorg.
332 3560 393 3611 482.
410 3558 443 3610 Ε.
462 3560 495 3618 ὡς
515 3564 551 3610 τὰ
575 3564 664 3614 πολλὰ
687 3563 718 3614 δὲ
736 3565 830 3614 ταῦτα
852 3565 965 3615 ἐναντία
985 3552 1149 3630 duliae

227 3645 320 3705 έστίν,
346 3647 364 3710 ἥ
390 3662 420 3694 τε
445 3644 522 3704 φύσις
548 3647 596 3694 καί
622 3645 635 3694 ὁ
661 3645 749 3707 νόμος.
786 3644 866 3714 Legg.
886 3644 923 3696 X.
940 3645 1003 3698 889.
1022 3644 1061 3697 D.
1077 3642 1160 3697 Β·

225 3728 295 3780 οὕτω
324 3726 375 3780 δέ·
384 3728 432 3778 καί
455 3733 512 3794 τὴν
537 3732 708 3790 νομοθεσίαν
734 3733 824 3779 πᾶσαν
850 3729 882 3778 οὐ
905 3728 1001 3791 φύσει,
1025 3730 1168 3798 vltra

145 3852 149 3861 .
229 3813 280 3873 δέ,
299 3801 395 3880 {aava
414 3811 531 3880 ἀλῃθεῖς
551 3803 621 3862 εἶναι
639 3814 688 3869 τὰς
705 3813 807 3868 θέσεις.

164 3892 206 3961 (2)
225 3894 308 3955 νόμον
325 3914 357 3946 τι
377 3895 425 3945 καί
443 3895 524 3960 λόγον
542 3914 576 3945 να
579 3895 701 3960 Ἡψίνον
730 3891 812 3962 Gorg.
828 3893 889 3945 492.
905 3893 937 3948 B.
955 3896 991 3951 cl'.
1002 3896 1065 3951 483.
1076 3892 1110 3950 B
1124 3916 1162 3937 θ

160 3976 202 4044 (3)
223 3974 308 4046 Gorg.
329 3979 390 4030 488.
409 3976 442 4030 Ε.
461 3978 523 4030 487.
542 3979 579 4030 Ι).
598 3976 632 4030 Ε.
650 3979 709 4031 491.
728 3976 761 4031 Ε.
780 3978 840 4030 492.
860 3977 899 4029 D.
