2490 4672
229 125 272 179 ut.
295 96 460 195 paudum
493 101 681 184 mulierem,
713 102 825 169 mortis
852 99 1064 187 damnatam,
1094 100 1220 181 dmm

230 214 429 320 peperisset,
451 222 604 293 asservari
623 220 777 308 juberent
797 218 858 312 (l).
1110 222 1157 323 5

662 396 700 509 l·
732 403 777 509 t.
816 506 822 517 .

277 577 352 645 Non
379 574 445 642 sola
473 593 583 641 autem
609 596 792 664 poenarum
819 571 1076 660 infligendarum
1098 575 1181 657 ratio,
1240 559 1241 562 Ἴ

232 695 290 765 sed
316 698 426 787 ipsum
456 715 637 785 poenarum
663 716 764 779 genus
792 710 988 761 crescentem
1011 693 1179 761 humaniu-
1238 693 1245 772 Ι

233 833 301 883 tem
336 811 473 881 redolet.
532 811 722 901 Antequam
756 813 905 879 societate
936 800 1084 881 bouriues
1114 834 1182 884 cott‘
1241 810 1245 888 l

231 935 340 1022 juncti
376 949 488 1014 erant,
521 932 604 1022 quin
639 954 755 1014 omne,
788 956 856 1022 quo
877 933 1004 1017 ingrate
1031 933 1184 1001 affioema

233 1071 308 1136 tur,
337 1049 494 1143 repellere
521 1026 659 1138 liceret,
683 1073 725 1115 ne
758 1050 867 1140 potuit
894 1048 1033 1141 quidem
1061 1043 1193 1121 revocari

231 1173 269 1239 in
299 1170 449 1237 dubium.
496 1168 689 1247 Societatem
722 1168 952 1238 contrahentes
979 1170 1068 1237 bano
1096 1168 1190 1239 bber-

231 1308 332 1358 tatem
355 1285 483 1380 duplici
508 1288 578 1371 vice
601 1288 840 1355 restrinxerunt
866 1290 950 1379 ipsi:
987 1291 1031 1358 1⁰.
1054 1290 1139 1357 euim
1155 1309 1196 1355 en

231 1425 362 1476 tantum
405 1404 538 1473 arcendi
578 1404 714 1473 liberam
753 1404 941 1474 facultatem
974 1409 1198 1490 retinuerunt,
1240 1496 1243 1501 .

230 1527 352 1616 quibus
387 1525 592 1591 afficerentur
626 1525 773 1610 injuriat,
806 1551 863 1593 seu
890 1529 1049 1596 societatis
1077 1526 1199 1596 frunda.-
1239 1522 1242 1527 ’

231 1663 342 1713 mento
382 1643 557 1735 despect03
604 1645 653 1710 20.
683 1643 771 1711 banc
807 1646 946 1732 injuriae
988 1645 1204 1739 depellendae

227 1761 418 1831 facultatem
440 1760 559 1849 singuli
580 1763 725 1830 societati
748 1760 966 1854 reliquerunt.
1012 1765 1073 1833 Sin
1094 1783 1207 1833 tamen

229 1883 363 1950 societas
399 1883 444 1949 ita
481 1877 666 1972 comparata
693 1899 793 1965 esset,
827 1900 865 1949 ut
897 1881 1101 1970 singulorum
1124 1868 1213 1953 Juin

229 2001 406 2072 defendere
428 2025 503 2077 non¹
519 2018 646 2092 posset,
669 1999 720 2070 vel
746 2003 868 2087 injuria
889 2003 1081 2096 hujusmodi
1100 2021 1176 2073 esset
1189 2046 1216 2085 9

229 2140 268 2190 ut
308 2121 443 2188 nonnisi·
478 2121 606 2212 privata
637 2121 679 2189 'vi
715 2119 805 2189 illico
840 2125 991 2214 opposita
1032 2118 1222 2219 comprimi

229 2239 371 2321 valeret,
394 2240 604 2330 propriarum
623 2239 741 2306 virium
760 2265 836 2307 usus
855 2244 1087 2314 reviviscebat:
1111 2237 1220 2339 quenl

228 2332 321 2425 'enim
357 2380 487 2449 semper
518 2374 550 2424 et
585 2359 693 2427 ubivis
721 2361 786 2429 vim
814 2363 848 2430 vi
875 2361 1039 2455 depellere
1065 2364 1211 2447 licebat,

230 2475 437 2546 manifestum
471 2476 646 2546 videbatur
686 2498 719 2549 et
762 2505 914 2573 expressa
948 2485 1087 2578 insuper
1126 2487 1212 2576 legis

230 2595 399 2665 sanctione
431 2608 674 2689 nonuunquam
710 2599 967 2671 confirmabatur
999 2605 1061 2697 (2).
1107 2609 1200 2700 Qua·

233 2734 328 2783 tenus
367 2710 475 2784 autem
509 2717 565 2785 hic
600 2719 719 2787 virium
758 2745 835 2788 usus
871 2726 1086 2794 exercebatur
1120 2732 1203 2818 justa

233 2834 341 2924 (utin
369 2837 507 2903 abusum
533 2818 609 2904 non'
623 2838 764 2930 abiret),
795 2845 1034 2932 quaerebatur3
1068 2867 1102 2917 et
1124 2852 1201 2937 juris

231 2955 401 3046 principio
430 2956 671 3059 accommodate
709 2963 955 3030 convenientem
989 2965 1069 3032 mali
1104 2992 1202 3062 repa·
1244 3024 1245 3039 .

231 3075 392 3144 rationem
412 3075 590 3167 petendam
617 3101 684 3144 esse
707 3080 880 3150 viderunt:
904 3108 940 3149 ea
968 3086 1060 3153 enim
1080 3090 1205 3169 ratione

233 3199 365 3264 turbata
406 3195 582 3288 aequalitas
618 3201 861 3267 restituebatur.
911 3202 1005 3293 Quid
1046 3230 1148 3292 vero,
1184 3225 1236 3281 tt

263 3369 303 3438 (ι)
324 3367 461 3423 erutuet.
481 3370 514 3423 ae
533 3369 563 3423 s.
582 3368 618 3424 rr.
637 3368 675 3425 v.
692 3390 720 3440 p.
739 3371 783 3422 25.
802 3370 945 3440 Wyttenb.
978 3373 1020 3428 cf.
1041 3376 1122 3432 nait.
1143 3344 1212 3434 ina.

264 3533 304 3603 (2)
323 3455 538 3589 llbddalmantbus
562 3538 664 3607 primus
686 3540 786 3592 dicitur
810 3539 972 3611 hujusmodi¹
986 3534 1073 3615 legem
1085 3544 1214 3618 promul.

322 3619 429 3684 gavisae.
464 3620 546 3672 Arist.
569 3620 660 3675 Etbic.
687 3625 720 3676 ad
744 3623 851 3677 Nicom.
881 3626 917 3679 V.
942 3629 968 3678 8.
993 3627 1028 3680 Τ.
1056 3629 1097 3684 ll.
1125 3652 1156 3703 p.
1173 3636 1214 3688 64.

323 3701 435 3756 Duvall.
455 3702 567 3756 Eadem.
587 3705 639 3759 lv.
658 3709 684 3758 3.
721 3707 850 3775 Apollod.
872 3709 1000 3762 11.4.9.
