2520 4672
582 291 648 372 rao

102 540 104 544 ι
136 521 227 581 mus,
251 497 335 565 nihil
357 501 460 587 magis*
481 497 729 565 incommodum
752 499 903 585 videtur,
926 523 1027 591 quam
1047 504 1108 569 Ju-

137 621 180 684 ris
215 616 377 684 Naturalis
412 619 504 684 initia
540 642 558 683 e
594 618 756 685 veteribus
784 636 932 712 repetere
961 618 1109 710 philoso-

132 736 219 827 phis.
266 737 300 802 Si
325 738 414 801 enim
441 753 551 801 nostra
578 739 797 821 recentiorum
831 737 1007 804 hominum
1032 740 1111 825 juris

136 851 311 944 disciplina
340 857 521 940 cogitetur,·
540 856 580 920 ab
603 881 639 920 ea
661 872 775 922 notum·
803 873 853 921 est
880 881 982 947 quam
1010 855 1112 924 aliena

78 1031 83 1038 .
131 972 195 1038 fuit
212 974 322 1036 omnis
346 974 533 1062 antiquitas.
580 973 621 1045 Si,
637 975 784 1039 universe
812 978 1032 1061 augustiorem
1054 980 1109 1063 ju·-

130 1092 176 1158 ris
204 1091 362 1175 originem
389 1089 662 1180 excelsioremque
686 1089 831 1158 indolem
856 1111 1003 1183 spectes,
1035 1091 1109 1161 fue·

130 1227 211 1276 runt
230 1210 327 1300 ipsi·
345 1206 549 1299 philosophi,
584 1211 642 1298 qui
667 1208 725 1274 has
754 1226 924 1277 tuerentur
954 1209 1110 1301 quidem,

121 1326 190 1400 ,sed
213 1351 324 1413 vagam
356 1344 464 1392 tamen
492 1346 600 1418 neque
629 1328 704 1393 satis
734 1330 1021 1421 circumscriptam
1044 1355 1108 1397 no-

133 1448 255 1512 tionem
282 1447 457 1511 notioribus
486 1444 625 1541 definire
654 1444 812 1513 limitibus
841 1466 875 1514 et
904 1471 982 1515 cum
1003 1427 1109 1540 repu-

130 1563 218 1630 blica
255 1566 449 1650 conjungere
486 1584 541 1631 aut
574 1563 725 1630 doctrina
754 1564 869 1631 morali
897 1586 1110 1634 conarentur.

132 1684 300 1767 Socrates,
330 1685 429 1749 immo
449 1690 624 1774 propterea
648 1683 739 1774 quod
765 1682 937 1774 Sophistce
959 1686 1109 1776 ipsorum

129 1803 209 1889 justi
236 1803 403 1868 notionem
430 1799 667 1891 fortiorumque
690 1803 867 1892 imperium
891 1803 964 1893 ipsa
990 1820 1109 1869 natura

128 1922 264 2012 probari
292 1918 547 2003 contenderent,
578 1922 746 2001 constituti
769 1920 852 2006 juris
874 1920 999 1986 linibus
1027 1922 1107 1987 um·-

74 2074 76 2079 ·
129 2062 258 2105 versum
284 2036 350 2103 fere
376 2039 517 2123 justitiae
547 2061 699 2129 campum
719 2036 862 2105 inclusit.
907 2036 1002 2105 Plato
1024 2063 1107 2130 per-

130 2154 248 2222 lectam
281 2157 359 2242 justi
389 2157 531 2246 speciem
561 2179 629 2220 non
658 2154 817 2245 explicuit
844 2154 1011 2242 multum3
1051 2157 1108 2224 sed

129 2277 288 2363 justitiam
322 2277 357 2338 in
395 2268 525 2339 homine
561 2291 595 2340 et
632 2276 758 2341 civitate
795 2297 865 2340 eam
893 2272 1008 2357 duxit,
1042 2300 1109 2366 qua

130 2392 274 2460 diversae
297 2412 404 2483 partes
426 2393 547 2482 optime
572 2393 821 2458 instituerentur
843 2391 884 2457 ad
900 2394 1110 2484 propositum

127 2513 244 2580 finem.
292 2510 478 2579 Aristoteles
516 2511 680 2600 denique,
718 2510 862 2595 magistri
891 2511 1019 2574 ratione
1055 2534 1110 2576 re·

130 2629 226 2713 licta,
273 2629 471 2695 Socraticam
510 2629 701 2695 instauravit
737 2645 835 2717 atque
877 2625 1109 2718 amplificavit,

131 2774 204 2816 eam
224 2750 380 2834 justitiam
402 2772 470 2813 esse
497 2722 739 2838 pronuncians,
771 2771 876 2837 quam.
897 2744 980 2831 leges
1015 2771 1108 2813 com·

131 2866 327 2959 plectuntur
360 2892 379 2929 a
401 2863 508 2950 legum
531 2864 739 2931 serendarum
767 2865 900 2931 scientia
927 2863 1110 2954 profectae.

130 2987 175 3054 Et
201 2986 258 3051 hic
283 2985 382 3070 igitur
412 2983 559 3050 latiorem
587 2986 670 3070 juris
697 2987 864 3051 notionem
889 3006 968 3048 non·
986 3008 1115 3076 parum.

131 3103 302 3170 limitavit:
325 3081 523 3169 JureCivili
545 3120 578 3168 et
601 3109 712 3186 φυσικὰ
735 3120 768 3168 et
792 3108 901 3186 contari
924 3105 1001 3189 jura
1017 3128 1109 3171 com-

132 3220 330 3312 prehendit,
353 3223 398 3287 ita
417 3241 456 3288 ut
477 3221 605 3286 nullum
632 3225 684 3308 jus
712 3239 802 3287 extra
830 3223 997 3306 civitatem
1026 3249 1109 3291 con·

135 3338 317 3406 cederetur.
364 3342 537 3423 Ceterum,
569 3360 607 3408 ut
629 3339 789 3424 vidimus,
819 3357 889 3406 erat
911 3341 998 3408 ratio
1025 3366 1111 3411 scm·

132 3482 214 3549 per,
247 3483 330 3548 quac
357 3456 440 3542 leges
469 3457 654 3541 dictitaret,
679 3482 755 3525 cunr
785 3482 856 3541 cas,
889 3483 975 3548 quae
1005 3463 1116 3542 omnig

133 3577 195 3642 bus
224 3577 408 3647 civitatibus
434 3579 655 3662 conveniant,
683 3595 753 3644 tum
781 3601 869 3660 eas,
888 3601 973 3666 quae
1004 3603 1023 3645 e
1050 3603 1112 3672 pe-

100 3735 105 3743 ·
133 3693 249 3762 culiari
278 3696 402 3762 ratione
434 3694 610 3793 ducantur.
655 3695 831 3787 Exempla,
867 3720 955 3788 quae
988 3705 1114 3783 νομιιοῡ

133 3816 253 3882 δικαίου
280 3814 497 3906 philosophus
526 3817 623 3898 citat,
654 3817 798 3907 probant
821 3823 873 3881 τοῦ
895 3824 1025 3897 φυσικοῦ
1045 3840 1114 3883 no-

55 3940 65 3961 ·
133 3934 220 4000 tione
256 3955 385 4004 omnem
416 3932 483 4000 sere
516 3935 622 4011 ἁπλῶς
659 3937 834 4018 &tantudem
868 3956 925 4001 seu
954 3936 1118 4029 πολιτικὸν
