2520 4672
496 315 643 378 Ι119

134 543 278 609 natura,
301 546 401 616 quam
423 521 610 590 societatum
634 519 861 604 commodum,
884 519 1027 612 perfecta
1042 545 1105 613 po-

63 643 70 650 ’
137 648 207 714 tius
243 667 344 736 qnam
378 640 560 733 inperfecta
598 641 701 707 officia
736 638 1006 706 commendabant
1035 620 1106 730 (l),

139 763 203 832 sed
234 760 338 830 multo
374 763 492 847 magis,
530 761 686 850 quoniam
726 760 853 827 virtutis
890 761 979 828 notio
1014 762 1110 826 nimis

139 883 319 974 composita
345 897 393 947 est
420 898 453 948 et
481 905 499 944 a
527 880 672 949 sensibus
699 885 839 962 remo'ta,
873 903 956 969 quae
983 896 1109 945 mature

136 1003 311 1069 hominum
338 1002 450 1066 animis
479 998 716 1090 conciperetur.
769 1000 827 1064 Fst
854 997 1035 1082 boe,loco,
1066 1021 1110 1064 ne

140 1119 225 1187 male
254 1117 491 1206 intelligamur,
528 1145 547 1184 a
576 1119 706 1184 nomine
733 1141 784 1184 res
811 1116 956 1203 religiose
986 1115 1110 1181 distin-

138 1237 280 1326 guenda.
325 1237 431 1325 Vulgo
453 1238 647 1329 perhibetur
668 1255 701 1303 et
723 1224 1012 1329 adstructa'oveteri
1034 1245 1133 1323 vir-⁴

139 1362 243 1441 tutas,
287 1360 412 1443 ἀρετῆς,
456 1380 513 1423 seu
553 1379 755 1446 quocunque
790 1357 920 1421 nomine
961 1328 1163 1440 insignita¹

138 1473 255 1557 suerit,
280 1473 511 1560 significatione
535 1475 669 1565 probari
689 1473 840 1555 videtur,
865 1474 1006 1563 antiquis
1023 1490 1109 1539 tem-

140 1595 277 1686 poribus
303 1616 434 1660 omnem
461 1598 618 1659 virtutem
639 1595 675 1658 in
702 1591 768 1658 sola
785 1592 993 1678 fortitudine
1014 1592 1111 1658 fuisse

140 1714 298 1803 positam:
335 1710 394 1778 sed
428 1714 610 1780 accuratius
645 1710 824 1778 dicendum
856 1729 905 1778 est
931 1710 1113 1796 generalem

142 1833 269 1898 virtutis
306 1832 474 1897 notionem
510 1830 660 1916 nondum
687 1831 845 1917 viguisse,
881 1829 939 1896 sed
966 1827 1111 1919 singula-

141 1972 217 2016 rum
238 1966 380 2047 ,tantum
410 1948 637 2041 qualitatum,
664 1974 744 2040 quas
773 1947 869 2016 simul
896 1968 1005 2039 postea
1032 1949 1114 2017 haec

141 2068 233 2134 notio
260 2066 430 2158 complexa
456 2087 522 2153 est,
552 2067 773 2152 fortitudinis,
795 2068 1008 2160 prudentiae,
1035 2071 1130 2162 pie-¹

143 2188 236 2269 tatis,
260 2173 380 2278 reliq.;
406 2212 510 2278 quum
533 2205 641 2253 autem
667 2212 758 2254 mens
782 2188 923 2254 humana
950 2188 1017 2252 uni
1038 2187 1113 2255 idea

142 2329 195 2373 eas
218 2303 365 2403 colligpre
393 2323 567 2373 conaretur
589 2307 751 2397 primum,
783 2330 895 2372 vocem
921 2330 987 2373 esse
1010 2301 1130 2373 adhi-¹

140 2425 263 2507 bitem,
298 2424 365 2514 qui
384 2405 429 2492 'ea
450 2426 578 2494 virtutis
601 2428 742 2516 species,
776 2451 859 2515 quae
880 2428 1019 2492 maximo
1045 2428 1110 2493 ho·

79 2605 81 2610 .
144 2566 228 2610 nore
256 2560 337 2610 tunc
365 2546 519 2635 temporis
544 2543 656 2609 haberi
680 2541 814 2627 debuit,
843 2546 1030 2633 nuncupari
1051 2568 1110 2610 so-

148 2659 250 2728 lebat.
308 2662 411 2729 Nemo
430 2663 541 2740 renim
580 2661 762 2745 dubitabit,
803 2664 886 2752 quin
922 2660 972 2731 vel
1011 2681 1111 2747 tunc,

37 2824 41 2835 -
145 2803 252 2870 quum
287 2783 395 2869 ἀρετὴ,
426 2782 528 2849 virtus
560 2798 628 2849 cet..
657 2779 758 2848 solam
792 2780 1019 2848 fortitudinem
1049 2780 1112 2849 dc-

143 2900 335 2985 signabant,
364 2897 426 2966 1111
447 2901 545 2967 otiam
573 2899 713 2998 fuerint,
737 2925 819 2991 quae
847 2901 994 2968 homines
1013 2924 1115 2994 prae-¹

146 3016 317 3108 cipienda,
336 3017 564 3086 'collaudanda
591 3039 625 3087 et
645 3018 888 3087 'remuneranda
913 3022 1113 3087 arbitraren-
1149 3062 1155 3071 -

145 3155 219 3222 tur,
252 3139 275 3205 i.
305 3164 333 3206 e.
371 3163 455 3230 quae
489 3144 626 3206 virtutis
662 3141 792 3206 nomine
827 3137 1051 3223 inclusissent,
1087 3134 1115 3205 si

143 3280 266 3331 nomen
288 3257 516 3343 generaliorem
537 3260 704 3326 notionem
727 3260 943 3350 expressisset
989 3260 1116 3350 Nempe

145 3375 190 3444 de
225 3376 292 3444 sola
326 3379 454 3446 virtutis
491 3380 621 3446 notione
653 3367 819 3446 collectiva
846 3380 939 3446 nobis
968 3378 1117 3468 quaestio

146 3514 217 3583 est,
241 3523 327 3589 quae
349 3497 517 3566 manifesto
538 3501 639 3566 serius
661 3488 813 3583 obtinuit.

493 3659 497 3666 ’
582 3676 620 3789 §a
651 3687 693 3766 2.

192 3849 326 3917 Frustra
352 3852 450 3937 igitur
477 3854 617 3938 justitiae
645 3867 820 3943 praecepta
842 3826 1028 3940 quaereres,
1052 3875 1115 3926 an-

150 3952 249 4059 tiquo
278 3965 429 4068 doctrinis
458 3971 599 4061 quadam
627 3970 1002 4061 morali-commendata.
1039 3974 1118 4041 Ne-

104 4197 109 4206 ·
185 4120 228 4187 (l)
249 4117 357 4174 llenrici
375 4136 419 4189 op.
438 4138 462 4173 o.
479 4118 513 4172 Τ.
534 4123 557 4174 1.
575 4140 602 4189 p.
621 4123 664 4173 17.
771 4184 774 4189 ¹
