2542 4672
600 337 659 402 197

151 572 171 603 *ι
186 548 281 614 Prior
307 547 363 612 illa
395 547 541 636 quaestio
573 562 643 627 est,
681 546 717 609 in
748 567 814 634 qua
848 547 982 641 maxime
1011 545 1115 612 clucet

136 653 292 734 divinum
330 664 470 731 Plutonis
506 664 682 748 ingenium.
736 663 764 727 E
800 661 942 728 Socratis
978 665 1113 730 institu-

142 786 232 850 tione
273 785 337 849 hoc
377 798 589 874 perceperat,
630 783 665 845 in
705 782 756 845 sui
795 782 898 869 ipsius
934 783 1114 866 cognitione

140 904 300 991 princeps
337 901 522 966 hominibus
556 924 595 964 ac
631 899 852 983 grauissimum
879 901 1023 990 positum
1049 912 1115 967 esse
1217 931 1219 936 ¹

140 1021 311 1085 universae
335 1018 562 1110 philosophiae
588 1018 729 1083 officium
758 1019 829 1107 (l);
859 1019 996 1108 ipseque
1023 1042 1112 1084 sem-

140 1160 204 1229 pen
230 1139 268 1201 in
288 1140 404 1205 veteris
425 1137 514 1202 illius
538 1139 691 1226 sapientis
717 1135 830 1218 effato,
860 1142 961 1217 γνῶθι
983 1141 1112 1218 σαυτόν,

142 1280 240 1321 omne
285 1253 451 1323 collocavit
496 1279 664 1346 germenee
705 1253 873 1320 doctrinae
911 1252 1112 1320 fundamen-

144 1390 217 1437 tum
246 1375 305 1461 (2)
349 1373 424 1440 Non
448 1375 538 1440 enim
563 1374 701 1456 sufficit,
738 1390 776 1438 ut
801 1397 1023 1464 proponamus
1049 1365 1113 1439 no·-

143 1491 196 1556 bis
224 1468 346 1573 linem,
378 1491 419 1558 ad
452 1516 551 1582 quem
578 1493 605 1558 si
630 1492 895 1582 pervenerimus,
920 1494 990 1558 veri
1018 1494 1116 1558 simus

143 1607 222 1674 facti
236 1602 433 1700 participes3
449 1609 507 1676 sed
525 1613 661 1701 insuper
675 1612 873 1701 requiritur,
892 1627 928 1675 ut
949 1610 1032 1676 bene
1049 1633 1126 1676 no-·

144 1729 196 1793 bis
218 1753 410 1816 persuasum
435 1731 495 1811 sit,
521 1746 632 1794 utrum
659 1746 692 1795 ct
719 1733 863 1819 quianam
885 1729 936 1794 vit
959 1729 1125 1818 possimus

146 1845 302 1936 progredi
329 1870 384 1912 eo:
420 1821 587 1937 inquirere
619 1849 655 1911 in
686 1870 738 1912 cas
770 1845 937 1913 facultates
963 1863 1113 1936 oportet,

147 1966 268 2054 quibus
289 1965 360 2055 ipsi
380 1965 497 2030 naturai
518 1967 671 2032 instructi
688 1990 798 2032 sumus
812 1964 854 2030 ad
869 1964 1118 2055 adsequendum

148 2086 359 2173 propositum
383 2101 551 2166 nostrum,
582 2102 738 2173 recteque
768 2085 806 2149 iis
833 2082 950 2150 utendi
974 2081 1119 2148 modum.
1159 2064 1165 2072 ¹
1209 2066 1211 2070 Α

151 2203 286 2269 „attane
313 2203 536 2290 quaestionem
567 2201 675 2268 indole
711 2203 770 2268 sui
804 2203 992 2292 primarium
1019 2200 1119 2293 Pluto
1191 2221 1197 2232 ’

148 2322 399 2412 opportunitate
427 2321 584 2386 sermonis
607 2319 790 2387 donaturi
812 2321 954 2405 justitiae
979 2321 1120 2389 instituti

147 2440 187 2508 erl
213 2441 349 2506 ratione
387 2437 566 2522 dilucidet,
604 2463 688 2529 quae
721 2440 790 2528 ipsi
821 2438 863 2504 ad
899 2437 1121 2523 indagandum

146 2554 322 2639 facillima,
352 2546 569 2623 auditoribus
587 2575 694 2623 autem
719 2557 760 2622 ad
785 2556 1032 2641 intelligendum
1056 2576 1119 2649 up-¹

150 2677 272 2743 tissima
298 2674 485 2742 videbatur:
517 2700 654 2767 nempe,
686 2694 741 2757 ut,
774 2700 841 2766 quo
868 2675 966 2741 modo
992 2679 1029 2742 in
1054 2677 1119 2761 hoe

148 2795 238 2860 ruine
264 2795 388 2880 justitia
419 2769 585 2876 olitineat,
618 2793 860 2878 declaraturus,
892 2797 1037 2886 primum
1063 2797 1120 2861 in-

150 2913 280 3001 quirat,
318 2937 384 3002 quo
407 2911 505 2979 modo
532 2915 567 2977 in
596 2915 723 2980 civitate
750 2915 882 2980 existat:
916 2915 943 2979 si
971 2912 1122 2981 videlicet

110 3102 112 3107 ,
149 3028 228 3095 dein
264 3031 409 3120 patebit,
444 3032 482 3095 iis
517 3033 667 3122 partibus
703 3035 915 3123 compositam
943 3056 1009 3100 esse
1037 3034 1119 3098 civi-

149 3165 269 3230 tatem,
298 3149 420 3238 quibus
446 3168 595 3216 accurate
624 3149 845 3240 respondeant
871 3148 1119 3219 hominum‘fa-
1171 3186 1179 3203 ·

149 3266 286 3332 unitates
294 3317 305 3348 ,
336 3266 453 3332 herum
490 3270 679 3346 constitutio
711 3272 835 3355 egregie
866 3268 1024 3337 illustrari
1055 3295 1120 3362 po·

150 3389 230 3460 terit
260 3411 300 3452 ex
332 3385 573 3453 accommodare
602 3387 732 3466 illarum
767 3392 1008 3476 conjunctione.
1054 3391 1123 3457 Hac

152 3505 280 3597 quippe
307 3504 359 3571 vit
388 3504 653 3594 progredientes,
685 3507 780 3573 simili
801 3508 973 3575 commodo
1000 3497 1124 3573 utimur

150 3647 286 3706 corum,
316 3623 374 3712 qui
403 3647 471 3689 non
499 3622 675 3692 admedum
702 3629 803 3693 acutis
829 3625 929 3695 oculis
949 3629 1122 3737 instructi,
1191 3721 1195 3731 Ι

183 3834 226 3901 (1)
246 3832 290 3884 cf.
309 3832 437 3904 Xenoph.
455 3834 536 3886 Mem.
558 3836 609 3888 lv.
629 3838 654 3888 2.
674 3839 717 3889 24.

181 3919 225 3987 (2)
247 3918 337 3970 Alcih.
358 3919 457 3970 1.·124.
475 3920 506 3971 B.
525 3928 552 3972 et
569 3924 674 3990 passim.
699 3921 809 3976 Charm.
825 3923 883 3974 164.
904 3924 941 3975 D.
962 3922 995 3976 Ε.
1023 3885 1129 3978 Plrileb.

246 4002 289 4052 48.
309 4001 341 4054 C.
369 4001 449 4072 chg.
470 4002 600 4058 x1.923.
621 4007 654 4059 A.
905 4022 909 4036 ¹
1014 4034 1024 4047 ==
1066 4039 1069 4045 ·
