2520 4672
616 367 680 435 327

159 608 259 666 nere,
296 586 361 651 sive
391 605 522 665 eorum,
563 587 620 672 qui
656 584 807 649 omnibus
849 585 972 650 viribus
1011 586 1140 653 virtutis

102 733 107 744 ¹
161 728 291 770 causam
323 701 559 785 defenderent,
597 705 662 770 sive
694 727 808 767 eorum
832 706 892 793 qui
919 705 1138 795 improbitatis

159 823 382 916 patrocinium
397 822 568 912 suscipere
593 820 829 907 dignarentur,
843 824 881 888 ‘si
906 826 1004 891 vitum
1027 847 1140 890 eorum

145 943 409 1034 1publieamaut
436 944 596 1032 privatam
621 961 769 1032 spectus,
784 941 940 1008 meliores
970 945 1055 1011 eires
1081 945 1138 1008 in-

146 1063 284 1143 uenies,
322 1063 473 1147 justiores
507 1063 602 1127 viros.
658 1061 761 1150 Quod
788 1063 927 1153 probat,
961 1081 998 1129 ut
1026 1065 1141 1131 Cioero

161 1184 225 1265 ait,
256 1180 331 1273 plus
367 1200 490 1248 rectam
517 1199 666 1247 naturam
695 1206 796 1272 quam
821 1184 984 1248 rationem
1010 1207 1141 1270 pravam

85 1356 87 1359 .
160 1301 268 1368 valere
292 1303 351 1390 (l)
376 1301 436 1367 Vel
460 1303 523 1391 ipsi
547 1299 683 1390 quidem
705 1301 899 1391 Sophistae‚
924 1305 1141 1389 abjectissima

159 1421 215 1488 itta
246 1421 521 1514 philosophorum
556 1420 645 1502 faex,
684 1423 744 1512 qui
782 1424 896 1488 virtuti
932 1447 1000 1488 nou
1037 1422 1140 1489 solutu

160 1566 271 1607 omnes
291 1554 406 1607 nervos
434 1538 639 1622 inciderant,
663 1538 720 1606 sed
748 1537 858 1631 palam
889 1543 986 1606 etiem
1011 1541 1137 1608 docue-

141 1781 385 1868 ··dulgendurn‚
408 1780 551 1846 multum
579 1778 684 1845 abfuit
712 1783 796 1870 quin.
810 1780 992 1851 nefariam,
1007 1780 1137 1847 doetri-

147 1909 237 1969 nam
251 1901 388 1970 ‘vivendi
410 1903 536 1967 ratione
559 1902 823 1991 comprobarent.
869 1901 1014 1991 Sccp'tici
1036 1901 1138 1991 probe

143 2020 413 2103 intellexerunt,
450 2023 477 2086 si
504 2045 520 2086 e
552 2019 679 2111 placitis
711 2021 775 2085 suis
813 2020 931 2106 agendi
946 2064 949 2069 -
964 2021 1027 2087 sibi
1053 2045 1137 2088 nor-

93 2126 98 2136 ’
142 2166 246 2208 *mem
274 2142 496 2232 praescribere
523 2139 662 2219 vellent,
697 2166 764 2207 uon
792 2140 897 2206 solum
924 2144 1078 2208 virtutem
1106 2159 1156 2206 et*

145 2261 260 2327 tidem
282 2280 316 2327 et
338 2262 514 2347 justitiam,
538 2277 734 2348 ceteraque,
759 2284 843 2348 quae
866 2261 1029 2325 civitatem
1053 2285 1138 2345 con-

160 2385 305 2464 tineant,
329 2380 386 2446 sed
419 2383 524 2470 ipsam
552 2382 635 2446 vitae
665 2381 828 2446 actionem
855 2404 872 2446 e
901 2382 966 2447 vite
989 2382 1032 2444 iri
1048 2382 1137 2445 sub-

149 2499 273 2567 dotum.
319 2502 486 2568 Noverunt
505 2499 661 2567 ridiculas
684 2499 827 2583 fabulas,
853 2525 933 2591 quus
955 2500 1142 2567 odiiceusa

158 2619 200 2686 de
229 2621 399 2712 Pyrrhone
432 2617 638 2706 divulgarant
669 2619 847 2706 dogmatici
879 2622 954 2710 ¹(2),
993 2623 1141 2710 quemvis

158 2745 227 2828 jam
244 2741 317 2807 ·hic
348 2741 505 2808 docuerat
532 2767 599 2808 esse
627 2740 753 2827 legibus
781 2743 1004 2831 institutisque
1027 2743 1142 2832 patriis

159 2863 297 2952 sepienti
320 2886 445 2927 morem
458 2849 639 2948 gerendum
660 2861 718 2953 (3).
751 2861 902 2930 Studiose
919 2851 1017 2947 igitur
1032 2863 1140 2952 Scep-

162 2982 219 3046 tici
259 2979 326 3047 duo
362 2984 490 3048 criteria
526 2983 772 3065 distinxerunt,
809 2981 964 3064 alterum,
999 3005 1065 3070 quo
1100 2979 1143 3046 de

159 3103 242 3167 veris
270 3100 423 3192 falsisque
448 3126 558 3168 rerum
587 3105 672 3168 notis
694 3101 880 3194 judicetur,
894 3093 1055 3168 'tollentes
1078 3126 1140 3192 pe-

158 3222 266 3303 nitus,
291 3220 446 3305 alterum,
467 3230 542 3312 quo'
560 3225 628 3290 vite
646 3241 742 3290 recte
771 3225 1061 3315 instituatur-‚epia
1084 3246 1140 3287 re-

160 3342 300 3407 tinentes
331 3344 390 3432 (4).
437 3341 549 3410 Flocci
574 3349 633 3410 'eos
662 3342 829 3411 faciendos
858 3368 923 3410 esse
951 3346 995 3409 eit
1026 3346 1140 3408 Sextus

192 3580 234 3648 (l)
254 3579 312 3632 Cic.
333 3582 393 3632 Fin.
413 3581 452 3632 lt.
473 3584 505 3632 18

196 3664 237 3731 (2)
259 3663 303 3715 Cf.
324 3665 355 3716 Ρ.
374 3663 455 3733 Bryle
476 3665 599 3717 Dict.1n
617 3684 683 3720 voce
701 3614 835 3734 Pyrrhon.

152 3749 251 3816 (3)
248 3746 334 3800 Suid.
353 3768 379 3803 v.
399 3749 521 3818 Ποῤῥων.

185 3833 233 3901 (4)
256 3831 330 3885 Sext.
352 3832 431 3902 Emp.
450 3836 510 3890 adv
529 3834 614 3887 Math.
643 3837 858 3888 αὐτίκατοίιιιν
876 3840 1013 3918 κριτήριον
1032 3835 1146 3899 λέγεται

253 3918 427 3986 πρῶτονμὲν
446 3921 538 3988 διχῶς·
556 3922 692 3974 καθ’ἕνα
706 3920 755 3983 μὲν
772 3922 844 3991 cpdrc
846 3941 892 3982 οι,
912 3919 931 3989 ᾧ
949 3923 1143 4021 προςὲχοντες,

253 4001 360 4065 τὰμὲν
387 4006 539 4071 ποιοῦμεν,
568 4007 603 4055 τὰ
630 4003 662 4056 δὲ
689 4004 826 4068 οὐδαμῶς·
852 4001 949 4054 nod*
939 4002 1033 4074 ἕτερον
1054 4004 1105 4069 δὲ,
1126 3990 1145 4072 ᾧ

1063 4106 1145 4159 προς-
