2520 4672
588 292 671 376 2103
780 395 781 400 Ν

151 513 281 608 plebem
309 527 497 599 arcuerunt3
532 536 635 603 quae,
668 531 706 580 ut
734 513 857 601 dicam,
889 516 978 608 quod
1007 542 1118 588 verum

148 653 217 718 est,
255 634 283 699 si
318 631 445 718 vestigia
481 633 691 722 pressissent,
712 657 796 712 ,non
831 635 936 703 solum
974 639 1115 725 crimen,

150 775 267 841 verum
295 748 446 818 defuisset
481 751 578 817 etiam
613 753 764 842 suspicio.
816 754 885 842 Qui
911 755 1000 820 enim
1026 758 1114 822 anti·

147 894 250 961 quam
271 867 513 960 philosophiam
532 871 712 940 accuratius
734 847 1113 963 perscrutarentur,va-

148 1011 268 1056 norum
309 987 540 1074 figmentorum
579 1005 612 1055 et
653 991 889 1056 contrariarum
923 992 1115 1081 opinionum

144 1104 425 1174 innumerabilum
460 1104 663 1173 offenderent
699 1109 825 1198 copiam
861 1133 989 1175 necesse
1027 1128 1112 1193 erat,

146 1226 250 1317 quin,
273 1224 315 1290 in
335 1227 404 1311 ejus
432 1242 582 1291 naturam
608 1225 814 1314 inquirentes
840 1227 995 1310 interius,
1017 1251 1112 1295 omne

144 1342 369 1410 desiderarent
405 1340 672 1427 fundamentum,
710 1367 777 1433 quo
812 1340 1004 1429 cognitionis
1040 1345 1109 1410 hu-

144 1485 261 1527 nanae
297 1458 483 1528 aedificium
510 1478 721 1529 extrueretur.
780 1460 892 1530 Plures
920 1463 1110 1556 sophistae,

143 1581 236 1645 inter
263 1601 343 1668 quos
374 1581 560 1664 Protagoras
594 1597 628 1646 et
662 1567 796 1666 Gorgias
823 1584 998 1672 praecipue
1034 1601 1111 1650 sunt

143 1694 355 1788 appellandi,
379 1695 465 1763 hanc
487 1695 662 1763 dubitandi
683 1701 848 1765 materiem
861 1698 985 1790 prolixe
1007 1703 1043 1765 in
1064 1726 1108 1768 u-

140 1838 218 1882 sum
243 1839 338 1880 suunt
366 1813 620 1905 impenderun13
645 1815 718 1899 alii,
741 1817 791 1883 bis
818 1821 978 1909 acceptis,
1000 1821 1109 1887 statim

93 1955 96 1967 ’
139 1932 307 2025 progressi
346 1931 389 1998 ad
433 1931 561 2000 moralis
601 1933 768 2003 doctrinae
809 1937 1109 2027 impugnationem,

103 2138 106 2143 Δ
140 2041 359 2141 Philosophus
386 2069 581 2137 evocarunt,
613 2071 651 2119 ut
681 2056 860 2145 probarent
888 2057 1111 2147 principia,e

140 2171 266 2261 quibus
286 2167 341 2235 illa
365 2168 554 2256 eliceretur3
578 2188 612 2239 et
634 2172 903 2264 quandoquidem
925 2199 943 2241 e
965 2173 1110 2261 neglecta

137 2289 210 2357 fere
251 2289 371 2357 Ethica
410 2288 596 2381 disciplina.
616 2291 701 2357 nihil
739 2291 927 2378 hujusmodi
969 2291 1109 2384 proferri

136 2425 269 2501 posset,
301 2426 432 2476 oran-tes
461 2399 708 2493 concluserunt,
744 2411 899 2477 virtutem
935 2435 971 2477 ac
1007 2411 1105 2496 justi-

140 2529 222 2594 tiam
247 2527 337 2591 inani
363 2526 536 2592 consistere
564 2526 705 2592 nomine.

188 2647 262 2712 Huc
284 2668 388 2735 usquc
410 2662 518 2723 tamen
545 2645 674 2710 nonnisi
700 2641 792 2710 solita
818 2642 973 2713 habemus
1011 2649 1104 2731 tegu-

140 2782 254 2834 menta
274 2760 437 2847 libidinis,
459 2762 561 2846 famae
590 2760 734 2853 quidam
757 2760 941 2829 celebritate
965 2780 998 2829 et
1019 2762 1105 2832 doc·

138 2886 246 2952 trinae
273 2883 380 2973 specie
400 2869 565 2972 protecta:
600 2904 713 2948 rernm
739 2878 873 2946 ulterius
900 2905 1104 2972 prosequen-

139 3023 191 3073 tes
226 3001 364 3087 insignia
402 2998 524 3086 ingenii
556 2997 835 3089 deprehendimus
861 2998 1003 3081 indicia,
1039 3023 1104 3066 no·-

140 3145 282 3211 vamque
306 3142 438 3212 prorsus
462 3115 719 3208 philosophandi
739 3118 833 3185 viam.
878 3118 993 3206 Quum
1018 3119 1106 3185 enim

138 3255 298 3327 negarent
331 3236 498 3305 doctrinae
531 3233 660 3302 moralis
692 3235 877 3318 veritatem,
910 3238 1106 3327 perscrutati

138 3378 219 3428 sunt
244 3358 359 3450 primi,
384 3355 472 3422 unde
503 3354 635 3422 tandem
661 3353 735 3421 illae
762 3356 930 3439 notiones,
959 3381 997 3424 ac
1023 3380 1102 3448 prae

140 3479 256 3548 ceteris
283 3477 372 3542 notio
398 3477 496 3563 justi,
529 3475 684 3570 originem
714 3477 891 3562 traxerint3·
915 3500 1016 3566 quam
1041 3477 1101 3557 inf¹

135 3597 399 3684 vestigationem,
424 3619 527 3686 quum
553 3594 636 3659 nihil
661 3596 724 3686 ipsi
755 3594 968 3686 opitularetur
995 3594 1100 3660 histo·-

137 3721 204 3802 ria,
227 3715 294 3784 sola
309 3716 431 3800 ingenii
452 3703 712 3815 praesumptione
733 3713 896 3784 absolvere
919 3713 1101 3804 oportebat

136 3840 285 3907 Primum
311 3836 375 3903 hoc
405 3834 590 3927 exemplum
615 3853 663 3904 est
691 3833 934 3926 philosophicae
960 3831 1097 3922 indaga-

140 3959 238 4026 tionis
277 3957 313 4022 in
343 3950 503 4042 'originem
537 3975 570 4024 et
605 3972 754 4027 naturam
781 3955 920 4022 notionis
951 3953 1097 4037 moralis,
