<?xml version="1.0" encoding="UTF-8"?>
<!DOCTYPE html PUBLIC "-//W3C//DTD XHTML 1.0 Transitional//EN"
    "http://www.w3.org/TR/xhtml1/DTD/xhtml1-transitional.dtd">
<html xmlns="http://www.w3.org/1999/xhtml" xml:lang="en" lang="en">
 <head>
  <title>
</title>
<meta http-equiv="Content-Type" content="text/html;charset=utf-8" />
  <meta name='ocr-system' content='tesseract 3.04.00' />
  <meta name='ocr-capabilities' content='ocr_page ocr_carea ocr_par ocr_line ocrx_word'/>
</head>
<body>
  <div class='ocr_page' id='page_1' title='image "./historiaphiloso00vedegoog/historiaphiloso00vedegoog_0025.png"; bbox 0 0 2520 4672; ppageno 0'>
   <div class='ocr_carea' id='block_1_1' title="bbox 649 279 900 387">
    <p class='ocr_par' dir='ltr' id='par_1_1' title="bbox 649 279 900 387">
     <span class='ocr_line' id='line_1_1' title="bbox 649 279 900 387; baseline -0.008 -2"><span class='ocrx_word' id='word_1_1' title='bbox 649 322 757 385; x_wconf 65' lang='lat' dir='ltr'>a,</span> <span class='ocrx_word' id='word_1_2' title='bbox 863 279 900 387; x_wconf 78' lang='lat' dir='ltr'>a.</span> 
     </span>
    </p>
   </div>
   <div class='ocr_carea' id='block_1_2' title="bbox 39 529 1240 3724">
    <p class='ocr_par' dir='ltr' id='par_1_2' title="bbox 170 529 1240 1219">
     <span class='ocr_line' id='line_1_2' title="bbox 171 529 1232 629; baseline -0.002 -31"><span class='ocrx_word' id='word_1_3' title='bbox 171 532 206 598; x_wconf 84' lang='lat' dir='ltr'>si&#39;</span> <span class='ocrx_word' id='word_1_4' title='bbox 225 529 404 622; x_wconf 84' lang='lat' dir='ltr'>aliquando</span> <span class='ocrx_word' id='word_1_5' title='bbox 431 532 523 622; x_wconf 89' lang='lat' dir='ltr'>operi</span> <span class='ocrx_word' id='word_1_6' title='bbox 552 548 702 620; x_wconf 86' lang='lat' dir='ltr'>suscepto</span> <span class='ocrx_word' id='word_1_7' title='bbox 729 529 822 616; x_wconf 84' lang='lat' dir='ltr'>longe</span> <span class='ocrx_word' id='word_1_8' title='bbox 850 532 996 621; x_wconf 82' lang='lat' dir='ltr'>impares.</span> <span class='ocrx_word' id='word_1_9' title='bbox 1016 531 1147 622; x_wconf 69' lang='lat' dir='ltr'>proha·</span> <span class='ocrx_word' id='word_1_10' title='bbox 1229 622 1232 629; x_wconf 33' lang='grc' dir='ltr'>Ι</span> 
     </span>
     <span class='ocr_line' id='line_1_3' title="bbox 170 626 1240 740; baseline 0 -23"><span class='ocrx_word' id='word_1_11' title='bbox 170 651 292 733; x_wconf 77' lang='lat' dir='ltr'>verim,</span> <span class='ocrx_word' id='word_1_12' title='bbox 314 647 419 716; x_wconf 89' lang='lat' dir='ltr'>fontes</span> <span class='ocrx_word' id='word_1_13' title='bbox 443 667 552 716; x_wconf 81' lang='lat' dir='ltr'>tamen</span> <span class='ocrx_word' id='word_1_14' title='bbox 568 650 656 740; x_wconf 88' lang='lat' dir='ltr'>ipsos</span> <span class='ocrx_word' id='word_1_15' title='bbox 680 647 847 734; x_wconf 82' lang='lat' dir='ltr'>adeundo,</span> <span class='ocrx_word' id='word_1_16' title='bbox 869 649 1049 716; x_wconf 84' lang='lat' dir='ltr'>industriae</span> <span class='ocrx_word' id='word_1_17' title='bbox 1070 648 1146 718; x_wconf 83' lang='lat' dir='ltr'>for-</span> <span class='ocrx_word' id='word_1_18' title='bbox 1225 626 1240 653; x_wconf 25' lang='grc' dir='ltr'>Ἰ</span> 
     </span>
     <span class='ocr_line' id='line_1_4' title="bbox 171 768 1146 864; baseline 0 -29"><span class='ocrx_word' id='word_1_19' title='bbox 171 786 252 836; x_wconf 88' lang='lat' dir='ltr'>tasse</span> <span class='ocrx_word' id='word_1_20' title='bbox 276 768 407 835; x_wconf 89' lang='lat' dir='ltr'>laudem</span> <span class='ocrx_word' id='word_1_21' title='bbox 429 793 587 835; x_wconf 87' lang='lat' dir='ltr'>meruero.</span> <span class='ocrx_word' id='word_1_22' title='bbox 633 769 744 857; x_wconf 85' lang='lat' dir='ltr'>Quam</span> <span class='ocrx_word' id='word_1_23' title='bbox 765 769 900 836; x_wconf 85' lang='lat' dir='ltr'>remita</span> <span class='ocrx_word' id='word_1_24' title='bbox 919 787 1060 864; x_wconf 72' lang='lat' dir='ltr'>mactare</span> <span class='ocrx_word' id='word_1_25' title='bbox 1083 790 1146 835; x_wconf 74' lang='lat' dir='ltr'>co·</span> 
     </span>
     <span class='ocr_line' id='line_1_5' title="bbox 171 885 1148 978; baseline 0.001 -24"><span class='ocrx_word' id='word_1_26' title='bbox 171 890 296 970; x_wconf 89' lang='lat' dir='ltr'>nabor,</span> <span class='ocrx_word' id='word_1_27' title='bbox 313 907 367 955; x_wconf 32' lang='lat' dir='ltr'>rut</span> <span class='ocrx_word' id='word_1_28' title='bbox 396 886 518 978; x_wconf 86' lang='lat' dir='ltr'>placita</span> <span class='ocrx_word' id='word_1_29' title='bbox 547 900 694 965; x_wconf 82' lang='lat' dir='ltr'>veterum</span> <span class='ocrx_word' id='word_1_30' title='bbox 725 885 766 953; x_wconf 91' lang='lat' dir='ltr'>de</span> <span class='ocrx_word' id='word_1_31' title='bbox 796 890 885 974; x_wconf 83' lang='lat' dir='ltr'>justo</span> <span class='ocrx_word' id='word_1_32' title='bbox 917 911 993 954; x_wconf 91' lang='lat' dir='ltr'>cum</span> <span class='ocrx_word' id='word_1_33' title='bbox 1024 887 1148 955; x_wconf 82' lang='lat' dir='ltr'>horum</span> 
     </span>
     <span class='ocr_line' id='line_1_6' title="bbox 172 981 1149 1098; baseline 0.002 -25"><span class='ocrx_word' id='word_1_34' title='bbox 172 1004 348 1097; x_wconf 76' lang='lat' dir='ltr'>disciplina</span> <span class='ocrx_word' id='word_1_35' title='bbox 374 1005 490 1073; x_wconf 85' lang='lat' dir='ltr'>morali</span> <span class='ocrx_word' id='word_1_36' title='bbox 520 981 553 1073; x_wconf 83' lang='lat' dir='ltr'>et</span> <span class='ocrx_word' id='word_1_37' title='bbox 589 1006 676 1073; x_wconf 87' lang='lat' dir='ltr'>hanc</span> <span class='ocrx_word' id='word_1_38' title='bbox 704 1031 834 1091; x_wconf 83' lang='lat' dir='ltr'>rursus,</span> <span class='ocrx_word' id='word_1_39' title='bbox 874 1025 1036 1098; x_wconf 80' lang='lat' dir='ltr'>quammn</span> <span class='ocrx_word' id='word_1_40' title='bbox 1070 1007 1149 1075; x_wconf 82' lang='lat' dir='ltr'>lieri</span> 
     </span>
     <span class='ocr_line' id='line_1_7' title="bbox 174 1097 1151 1219; baseline 0.001 -26"><span class='ocrx_word' id='word_1_41' title='bbox 174 1097 294 1217; x_wconf 72' lang='lat' dir='ltr'>possit,</span> <span class='ocrx_word' id='word_1_42' title='bbox 333 1149 411 1192; x_wconf 90' lang='lat' dir='ltr'>cum</span> <span class='ocrx_word' id='word_1_43' title='bbox 437 1126 589 1194; x_wconf 86' lang='lat' dir='ltr'>universo</span> <span class='ocrx_word' id='word_1_44' title='bbox 605 1149 811 1217; x_wconf 85' lang='lat' dir='ltr'>componam</span> <span class='ocrx_word' id='word_1_45' title='bbox 839 1128 1007 1219; x_wconf 88' lang='lat' dir='ltr'>principio</span> <span class='ocrx_word' id='word_1_46' title='bbox 1034 1125 1151 1218; x_wconf 85' lang='lat' dir='ltr'>philo·</span> 
     </span>
    </p>

    <p class='ocr_par' dir='ltr' id='par_1_3' title="bbox 60 1242 1210 3483">
     <span class='ocr_line' id='line_1_8' title="bbox 171 1242 345 1337; baseline -0.017 -25"><span class='ocrx_word' id='word_1_47' title='bbox 171 1242 345 1337; x_wconf 80' lang='lat' dir='ltr'>sophendi.</span> 
     </span>
     <span class='ocr_line' id='line_1_9' title="bbox 111 1341 1151 1456; baseline 0.002 -26"><span class='ocrx_word' id='word_1_48' title='bbox 111 1341 113 1347; x_wconf 27' lang='grc' dir='ltr'>Ι</span> <span class='ocrx_word' id='word_1_49' title='bbox 152 1367 156 1370; x_wconf 72' lang='grc'><strong>’</strong></span> <span class='ocrx_word' id='word_1_50' title='bbox 218 1363 321 1454; x_wconf 91' lang='lat' dir='ltr'>Quod</span> <span class='ocrx_word' id='word_1_51' title='bbox 352 1381 461 1431; x_wconf 85' lang='lat' dir='ltr'>eutem</span> <span class='ocrx_word' id='word_1_52' title='bbox 491 1365 571 1451; x_wconf 85' lang='lat' dir='ltr'>justi</span> <span class='ocrx_word' id='word_1_53' title='bbox 599 1363 709 1448; x_wconf 89' lang='lat' dir='ltr'>notio,</span> <span class='ocrx_word' id='word_1_54' title='bbox 744 1363 995 1456; x_wconf 56' lang='lat' dir='ltr'>qualiscunque,</span> <span class='ocrx_word' id='word_1_55' title='bbox 1012 1362 1151 1432; x_wconf 76' lang='lat' dir='ltr'>tandem</span> 
     </span>
     <span class='ocr_line' id='line_1_10' title="bbox 170 1481 1147 1577; baseline 0.002 -27"><span class='ocrx_word' id='word_1_56' title='bbox 170 1485 278 1577; x_wconf 86' lang='lat' dir='ltr'>prima</span> <span class='ocrx_word' id='word_1_57' title='bbox 304 1481 421 1576; x_wconf 83' lang='lat' dir='ltr'>suerit,</span> <span class='ocrx_word' id='word_1_58' title='bbox 452 1507 520 1549; x_wconf 91' lang='lat' dir='ltr'>non</span> <span class='ocrx_word' id='word_1_59' title='bbox 548 1482 724 1552; x_wconf 70' lang='lat' dir='ltr'>adinvbnta</span> <span class='ocrx_word' id='word_1_60' title='bbox 750 1485 792 1550; x_wconf 88' lang='lat' dir='ltr'>sit</span> <span class='ocrx_word' id='word_1_61' title='bbox 818 1486 854 1549; x_wconf 91' lang='lat' dir='ltr'>in</span> <span class='ocrx_word' id='word_1_62' title='bbox 882 1483 1003 1550; x_wconf 90' lang='lat' dir='ltr'>scholis</span> <span class='ocrx_word' id='word_1_63' title='bbox 1029 1481 1147 1575; x_wconf 86' lang='lat' dir='ltr'>philo-</span> 
     </span>
     <span class='ocr_line' id='line_1_11' title="bbox 173 1601 1148 1695; baseline 0 -25"><span class='ocrx_word' id='word_1_64' title='bbox 173 1603 373 1695; x_wconf 75' lang='lat' dir='ltr'>sophorum,</span> <span class='ocrx_word' id='word_1_65' title='bbox 410 1601 486 1686; x_wconf 90' lang='lat' dir='ltr'>sed,</span> <span class='ocrx_word' id='word_1_66' title='bbox 522 1620 636 1694; x_wconf 89' lang='lat' dir='ltr'>utpote</span> <span class='ocrx_word' id='word_1_67' title='bbox 673 1603 814 1671; x_wconf 88' lang='lat' dir='ltr'>universi</span> <span class='ocrx_word' id='word_1_68' title='bbox 848 1604 986 1670; x_wconf 88' lang='lat' dir='ltr'>hnmani</span> <span class='ocrx_word' id='word_1_69' title='bbox 1020 1606 1148 1689; x_wconf 83' lang='lat' dir='ltr'>generis</span> 
     </span>
     <span class='ocr_line' id='line_1_12' title="bbox 173 1721 1148 1814; baseline -0.001 -23"><span class='ocrx_word' id='word_1_70' title='bbox 173 1721 270 1791; x_wconf 76' lang='lat' dir='ltr'>saluti</span> <span class='ocrx_word' id='word_1_71' title='bbox 297 1723 494 1805; x_wconf 83' lang='lat' dir='ltr'>necessaria,</span> <span class='ocrx_word' id='word_1_72' title='bbox 533 1746 610 1789; x_wconf 88' lang='lat' dir='ltr'>cum</span> <span class='ocrx_word' id='word_1_73' title='bbox 642 1745 680 1788; x_wconf 90' lang='lat' dir='ltr'>eo</span> <span class='ocrx_word' id='word_1_74' title='bbox 711 1722 811 1790; x_wconf 86' lang='lat' dir='ltr'>ferme</span> <span class='ocrx_word' id='word_1_75' title='bbox 840 1721 983 1814; x_wconf 89' lang='lat' dir='ltr'>aequalis</span> <span class='ocrx_word' id='word_1_76' title='bbox 1010 1725 1148 1790; x_wconf 80' lang='lat' dir='ltr'>exstite-</span> 
     </span>
     <span class='ocr_line' id='line_1_13' title="bbox 105 1828 1150 1932; baseline 0.002 -22"><span class='ocrx_word' id='word_1_77' title='bbox 105 1919 109 1926; x_wconf 52' lang='grc'><em>,</em></span> <span class='ocrx_word' id='word_1_78' title='bbox 172 1842 237 1926; x_wconf 82' lang='lat' dir='ltr'>rit,</span> <span class='ocrx_word' id='word_1_79' title='bbox 274 1831 481 1912; x_wconf 83' lang='lat' dir='ltr'>manifestum</span> <span class='ocrx_word' id='word_1_80' title='bbox 514 1858 572 1907; x_wconf 87' lang='lat' dir='ltr'>est.</span> <span class='ocrx_word' id='word_1_81' title='bbox 618 1843 665 1907; x_wconf 87' lang='lat' dir='ltr'>Ut</span> <span class='ocrx_word' id='word_1_82' title='bbox 691 1843 803 1932; x_wconf 85' lang='lat' dir='ltr'>itaque</span> <span class='ocrx_word' id='word_1_83' title='bbox 833 1845 895 1910; x_wconf 90' lang='lat' dir='ltr'>rite</span> <span class='ocrx_word' id='word_1_84' title='bbox 924 1828 1150 1928; x_wconf 79' lang='lat' dir='ltr'>intelligatur,</span> 
     </span>
     <span class='ocr_line' id='line_1_14' title="bbox 172 1958 1151 2054; baseline 0.001 -26"><span class='ocrx_word' id='word_1_85' title='bbox 172 1981 351 2054; x_wconf 82' lang='lat' dir='ltr'>quamnam</span> <span class='ocrx_word' id='word_1_86' title='bbox 377 1961 546 2027; x_wconf 89' lang='lat' dir='ltr'>notionem</span> <span class='ocrx_word' id='word_1_87' title='bbox 576 1962 763 2050; x_wconf 88' lang='lat' dir='ltr'>acceperint</span> <span class='ocrx_word' id='word_1_88' title='bbox 796 1958 1016 2051; x_wconf 87' lang='lat' dir='ltr'>pbilosophi‚.</span> <span class='ocrx_word' id='word_1_89' title='bbox 1049 1984 1151 2053; x_wconf 86' lang='lat' dir='ltr'>quam</span> 
     </span>
     <span class='ocr_line' id='line_1_15' title="bbox 172 2077 1147 2170; baseline 0.001 -22"><span class='ocrx_word' id='word_1_90' title='bbox 172 2081 297 2168; x_wconf 84' lang='lat' dir='ltr'>ingenii</span> <span class='ocrx_word' id='word_1_91' title='bbox 322 2077 500 2144; x_wconf 88' lang='lat' dir='ltr'>luminibus</span> <span class='ocrx_word' id='word_1_92' title='bbox 528 2077 748 2163; x_wconf 83' lang='lat' dir='ltr'>adornarent,</span> <span class='ocrx_word' id='word_1_93' title='bbox 772 2079 933 2170; x_wconf 81' lang='lat' dir='ltr'>quaedam</span> <span class='ocrx_word' id='word_1_94' title='bbox 956 2081 1019 2147; x_wconf 90' lang='lat' dir='ltr'>hac</span> <span class='ocrx_word' id='word_1_95' title='bbox 1042 2078 1083 2148; x_wconf 92' lang='lat' dir='ltr'>de</span> <span class='ocrx_word' id='word_1_96' title='bbox 1110 2104 1147 2150; x_wconf 88' lang='lat' dir='ltr'>re</span> 
     </span>
     <span class='ocr_line' id='line_1_16' title="bbox 172 2196 1148 2292; baseline 0.005 -26"><span class='ocrx_word' id='word_1_97' title='bbox 172 2199 255 2266; x_wconf 83' lang='lat' dir='ltr'>duxi</span> <span class='ocrx_word' id='word_1_98' title='bbox 275 2196 519 2289; x_wconf 85' lang='lat' dir='ltr'>praemonenda</span> <span class='ocrx_word' id='word_1_99' title='bbox 540 2199 750 2289; x_wconf 85' lang='lat' dir='ltr'>prioremque</span> <span class='ocrx_word' id='word_1_100' title='bbox 766 2197 1000 2266; x_wconf 78' lang='lat' dir='ltr'>dissertationis</span> <span class='ocrx_word' id='word_1_101' title='bbox 1016 2219 1148 2292; x_wconf 87' lang='lat' dir='ltr'>partem</span> 
     </span>
     <span class='ocr_line' id='line_1_17' title="bbox 171 2314 1149 2413; baseline 0.002 -27"><span class='ocrx_word' id='word_1_102' title='bbox 171 2315 417 2386; x_wconf 87' lang='lat' dir='ltr'>inscribendam</span> <span class='ocrx_word' id='word_1_103' title='bbox 448 2314 490 2383; x_wconf 92' lang='lat' dir='ltr'>de</span> <span class='ocrx_word' id='word_1_104' title='bbox 522 2321 760 2407; x_wconf 82' lang='lat' dir='ltr'>antiquissimu</span> <span class='ocrx_word' id='word_1_105' title='bbox 777 2320 872 2405; x_wconf 80' lang='lat' dir='ltr'>justi</span> <span class='ocrx_word' id='word_1_106' title='bbox 896 2324 1047 2403; x_wconf 76' lang='lat' dir='ltr'>notione,</span> <span class='ocrx_word' id='word_1_107' title='bbox 1080 2344 1149 2413; x_wconf 81' lang='lat' dir='ltr'>qno</span> 
     </span>
     <span class='ocr_line' id='line_1_18' title="bbox 171 2434 1148 2530; baseline 0.005 -26"><span class='ocrx_word' id='word_1_108' title='bbox 171 2434 422 2504; x_wconf 86' lang='lat' dir='ltr'>introducemur</span> <span class='ocrx_word' id='word_1_109' title='bbox 472 2438 567 2526; x_wconf 83' lang='lat' dir='ltr'>quasi</span> <span class='ocrx_word' id='word_1_110' title='bbox 609 2438 646 2503; x_wconf 88' lang='lat' dir='ltr'>in</span> <span class='ocrx_word' id='word_1_111' title='bbox 682 2435 845 2528; x_wconf 82' lang='lat' dir='ltr'>reliquam</span> <span class='ocrx_word' id='word_1_112' title='bbox 881 2437 1148 2530; x_wconf 85' lang='lat' dir='ltr'>disputationem.</span> 
     </span>
     <span class='ocr_line' id='line_1_19' title="bbox 60 2553 1146 2648; baseline 0.001 -23"><span class='ocrx_word' id='word_1_113' title='bbox 60 2557 64 2562; x_wconf 74' lang='grc'>’</span> <span class='ocrx_word' id='word_1_114' title='bbox 171 2553 346 2625; x_wconf 72' lang='lat' dir='ltr'>Notionem</span> <span class='ocrx_word' id='word_1_115' title='bbox 369 2577 446 2623; x_wconf 82' lang='lat' dir='ltr'>vero</span> <span class='ocrx_word' id='word_1_116' title='bbox 468 2576 536 2622; x_wconf 89' lang='lat' dir='ltr'>non</span> <span class='ocrx_word' id='word_1_117' title='bbox 559 2580 598 2622; x_wconf 88' lang='lat' dir='ltr'>eo</span> <span class='ocrx_word' id='word_1_118' title='bbox 622 2576 719 2622; x_wconf 85' lang='lat' dir='ltr'>sensu</span> <span class='ocrx_word' id='word_1_119' title='bbox 740 2558 918 2646; x_wconf 83' lang='lat' dir='ltr'>usurpavi,</span> <span class='ocrx_word' id='word_1_120' title='bbox 942 2582 1010 2648; x_wconf 87' lang='lat' dir='ltr'>quo</span> <span class='ocrx_word' id='word_1_121' title='bbox 1031 2561 1067 2623; x_wconf 89' lang='lat' dir='ltr'>in</span> <span class='ocrx_word' id='word_1_122' title='bbox 1088 2580 1146 2626; x_wconf 85' lang='lat' dir='ltr'>re-</span> 
     </span>
     <span class='ocr_line' id='line_1_20' title="bbox 172 2659 1146 2769; baseline -0.002 -25"><span class='ocrx_word' id='word_1_123' title='bbox 172 2676 372 2758; x_wconf 85' lang='lat' dir='ltr'>centiorum,</span> <span class='ocrx_word' id='word_1_124' title='bbox 403 2674 593 2742; x_wconf 86' lang='lat' dir='ltr'>criticorum</span> <span class='ocrx_word' id='word_1_125' title='bbox 615 2676 828 2765; x_wconf 55' lang='lat' dir='ltr'>praesertim2</span> <span class='ocrx_word' id='word_1_126' title='bbox 853 2659 1004 2743; x_wconf 74' lang='lat' dir='ltr'>doctrind</span> <span class='ocrx_word' id='word_1_127' title='bbox 1028 2676 1146 2769; x_wconf 86' lang='lat' dir='ltr'>appel-</span> 
     </span>
     <span class='ocr_line' id='line_1_21' title="bbox 172 2790 1146 2886; baseline 0.003 -25"><span class='ocrx_word' id='word_1_128' title='bbox 172 2791 261 2861; x_wconf 84' lang='lat' dir='ltr'>latur</span> <span class='ocrx_word' id='word_1_129' title='bbox 291 2791 362 2883; x_wconf 63' lang='lat' dir='ltr'>(l),</span> <span class='ocrx_word' id='word_1_130' title='bbox 393 2790 451 2857; x_wconf 90' lang='lat' dir='ltr'>sed</span> <span class='ocrx_word' id='word_1_131' title='bbox 484 2816 613 2860; x_wconf 85' lang='lat' dir='ltr'>omnem</span> <span class='ocrx_word' id='word_1_132' title='bbox 642 2794 790 2863; x_wconf 90' lang='lat' dir='ltr'>universe</span> <span class='ocrx_word' id='word_1_133' title='bbox 805 2802 1051 2886; x_wconf 63' lang='lat' dir='ltr'>perceptionem</span> <span class='ocrx_word' id='word_1_134' title='bbox 1078 2801 1146 2886; x_wconf 82' lang='lat' dir='ltr'>sig-</span> 
     </span>
     <span class='ocr_line' id='line_1_22' title="bbox 173 2898 1147 3008; baseline 0.004 -28"><span class='ocrx_word' id='word_1_135' title='bbox 173 2913 328 2996; x_wconf 83' lang='lat' dir='ltr'>nificavi,</span> <span class='ocrx_word' id='word_1_136' title='bbox 364 2898 429 2979; x_wconf 85' lang='lat' dir='ltr'>sive</span> <span class='ocrx_word' id='word_1_137' title='bbox 458 2938 476 2977; x_wconf 88' lang='lat' dir='ltr'>a</span> <span class='ocrx_word' id='word_1_138' title='bbox 503 2913 649 2978; x_wconf 89' lang='lat' dir='ltr'>sensibus</span> <span class='ocrx_word' id='word_1_139' title='bbox 677 2915 816 2998; x_wconf 77' lang='lat' dir='ltr'>orietur,</span> <span class='ocrx_word' id='word_1_140' title='bbox 853 2917 918 2983; x_wconf 85' lang='lat' dir='ltr'>sive</span> <span class='ocrx_word' id='word_1_141' title='bbox 944 2914 1011 2983; x_wconf 71' lang='lat' dir='ltr'>sold</span> <span class='ocrx_word' id='word_1_142' title='bbox 1038 2918 1147 3008; x_wconf 91' lang='lat' dir='ltr'>perfi-</span> 
     </span>
     <span class='ocr_line' id='line_1_23' title="bbox 173 3028 1210 3123; baseline 0.006 -25"><span class='ocrx_word' id='word_1_143' title='bbox 173 3033 280 3105; x_wconf 80' lang='lat' dir='ltr'>ciatur</span> <span class='ocrx_word' id='word_1_144' title='bbox 307 3033 423 3097; x_wconf 84' lang='lat' dir='ltr'>mentis</span> <span class='ocrx_word' id='word_1_145' title='bbox 447 3028 627 3100; x_wconf 84' lang='lat' dir='ltr'>functione.</span> <span class='ocrx_word' id='word_1_146' title='bbox 673 3034 812 3120; x_wconf 88' lang='lat' dir='ltr'>Jamjam</span> <span class='ocrx_word' id='word_1_147' title='bbox 832 3036 867 3099; x_wconf 91' lang='lat' dir='ltr'>in</span> <span class='ocrx_word' id='word_1_148' title='bbox 889 3039 1050 3122; x_wconf 55' lang='lat' dir='ltr'>rupicem</span> <span class='ocrx_word' id='word_1_149' title='bbox 1070 3041 1145 3123; x_wconf 85' lang='lat' dir='ltr'>jus·</span> <span class='ocrx_word' id='word_1_150' title='bbox 1207 3037 1210 3043; x_wconf 73' lang='grc'><strong>’</strong></span> 
     </span>
     <span class='ocr_line' id='line_1_24' title="bbox 173 3150 1150 3247; baseline 0.009 -31"><span class='ocrx_word' id='word_1_151' title='bbox 173 3150 263 3216; x_wconf 80' lang='lat' dir='ltr'>titius</span> <span class='ocrx_word' id='word_1_152' title='bbox 304 3151 528 3240; x_wconf 83' lang='lat' dir='ltr'>inquisituris‚</span> <span class='ocrx_word' id='word_1_153' title='bbox 577 3152 669 3243; x_wconf 86' lang='lat' dir='ltr'>quod</span> <span class='ocrx_word' id='word_1_154' title='bbox 710 3151 834 3219; x_wconf 89' lang='lat' dir='ltr'>nullam</span> <span class='ocrx_word' id='word_1_155' title='bbox 873 3154 1010 3220; x_wconf 89' lang='lat' dir='ltr'>historia</span> <span class='ocrx_word' id='word_1_156' title='bbox 1050 3181 1150 3247; x_wconf 88' lang='lat' dir='ltr'>opem</span> 
     </span>
     <span class='ocr_line' id='line_1_25' title="bbox 141 3265 1148 3360; baseline 0.008 -24"><span class='ocrx_word' id='word_1_157' title='bbox 141 3296 154 3351; x_wconf 63' lang='lat' dir='ltr'><strong>j</strong></span> <span class='ocrx_word' id='word_1_158' title='bbox 174 3265 305 3352; x_wconf 79' lang='lat' dir='ltr'>tulerit,</span> <span class='ocrx_word' id='word_1_159' title='bbox 334 3270 370 3332; x_wconf 88' lang='lat' dir='ltr'>iu</span> <span class='ocrx_word' id='word_1_160' title='bbox 398 3286 512 3360; x_wconf 90' lang='lat' dir='ltr'>aperto</span> <span class='ocrx_word' id='word_1_161' title='bbox 532 3287 599 3337; x_wconf 78' lang='lat' dir='ltr'>est:</span> <span class='ocrx_word' id='word_1_162' title='bbox 631 3269 689 3337; x_wconf 79' lang='lat' dir='ltr'>sed</span> <span class='ocrx_word' id='word_1_163' title='bbox 709 3270 905 3360; x_wconf 87' lang='lat' dir='ltr'>adjutricem</span> <span class='ocrx_word' id='word_1_164' title='bbox 928 3293 1034 3341; x_wconf 89' lang='lat' dir='ltr'>tamen</span> <span class='ocrx_word' id='word_1_165' title='bbox 1053 3279 1148 3344; x_wconf 90' lang='lat' dir='ltr'>nobis</span> 
     </span>
     <span class='ocr_line' id='line_1_26' title="bbox 173 3384 1156 3483; baseline 0.004 -25"><span class='ocrx_word' id='word_1_166' title='bbox 173 3387 236 3458; x_wconf 82' lang='lat' dir='ltr'>visi</span> <span class='ocrx_word' id='word_1_167' title='bbox 268 3411 379 3453; x_wconf 89' lang='lat' dir='ltr'>sumus</span> <span class='ocrx_word' id='word_1_168' title='bbox 393 3384 564 3479; x_wconf 55' lang='lat' dir='ltr'>&#39;reperisse</span> <span class='ocrx_word' id='word_1_169' title='bbox 592 3389 682 3456; x_wconf 89' lang='lat' dir='ltr'>baud</span> <span class='ocrx_word' id='word_1_170' title='bbox 712 3390 985 3459; x_wconf 85' lang='lat' dir='ltr'>contemnendam</span> <span class='ocrx_word' id='word_1_171' title='bbox 1012 3394 1156 3483; x_wconf 78' lang='lat' dir='ltr'>profec-¹</span> 
     </span>
    </p>

    <p class='ocr_par' dir='ltr' id='par_1_4' title="bbox 39 3508 1149 3724">
     <span class='ocr_line' id='line_1_27' title="bbox 118 3508 1149 3607; baseline 0.006 -30"><span class='ocrx_word' id='word_1_172' title='bbox 118 3602 121 3607; x_wconf 10' lang='grc' dir='ltr'><em>ῃ</em></span> <span class='ocrx_word' id='word_1_173' title='bbox 170 3514 230 3593; x_wconf 79' lang='lat' dir='ltr'>to,</span> <span class='ocrx_word' id='word_1_174' title='bbox 261 3509 561 3600; x_wconf 87' lang='lat' dir='ltr'>praesumptionem</span> <span class='ocrx_word' id='word_1_175' title='bbox 595 3508 738 3594; x_wconf 88' lang='lat' dir='ltr'>scilieet,</span> <span class='ocrx_word' id='word_1_176' title='bbox 776 3536 860 3601; x_wconf 83' lang='lat' dir='ltr'>quae</span> <span class='ocrx_word' id='word_1_177' title='bbox 892 3536 935 3577; x_wconf 84' lang='lat' dir='ltr'>ex</span> <span class='ocrx_word' id='word_1_178' title='bbox 971 3516 1149 3583; x_wconf 86' lang='lat' dir='ltr'>necessaria</span> 
     </span>
     <span class='ocr_line' id='line_1_28' title="bbox 39 3625 1146 3724; baseline 0.006 -30"><span class='ocrx_word' id='word_1_179' title='bbox 39 3656 52 3666; x_wconf 89' lang='lat'>·</span> <span class='ocrx_word' id='word_1_180' title='bbox 96 3662 100 3670; x_wconf 90' lang='lat'><em>·</em></span> <span class='ocrx_word' id='word_1_181' title='bbox 166 3625 326 3701; x_wconf 71' lang='lat' dir='ltr'>‚eliciatur</span> <span class='ocrx_word' id='word_1_182' title='bbox 361 3628 545 3718; x_wconf 86' lang='lat' dir='ltr'>primorum</span> <span class='ocrx_word' id='word_1_183' title='bbox 585 3627 757 3695; x_wconf 91' lang='lat' dir='ltr'>bominum</span> <span class='ocrx_word' id='word_1_184' title='bbox 803 3630 1010 3716; x_wconf 87' lang='lat' dir='ltr'>conditione,</span> <span class='ocrx_word' id='word_1_185' title='bbox 1048 3651 1146 3724; x_wconf 82' lang='lat' dir='ltr'>atque</span> 
     </span>
    </p>
   </div>
   <div class='ocr_carea' id='block_1_3' title="bbox 189 3914 1152 4068">
    <p class='ocr_par' dir='ltr' id='par_1_5' title="bbox 189 3914 1152 4068">
     <span class='ocr_line' id='line_1_29' title="bbox 210 3914 1152 3988; baseline 0.002 -20"><span class='ocrx_word' id='word_1_186' title='bbox 210 3917 359 3988; x_wconf 81' lang='lat' dir='ltr'>(1)Kant,</span> <span class='ocrx_word' id='word_1_187' title='bbox 386 3915 477 3969; x_wconf 84' lang='lat' dir='ltr'>Critik</span> <span class='ocrx_word' id='word_1_188' title='bbox 497 3915 598 3976; x_wconf 68' lang='lat' dir='ltr'>dere.</span> <span class='ocrx_word' id='word_1_189' title='bbox 617 3914 691 3968; x_wconf 86' lang='lat' dir='ltr'>Vern</span> <span class='ocrx_word' id='word_1_190' title='bbox 714 3918 758 3967; x_wconf 84' lang='lat' dir='ltr'>3te</span> <span class='ocrx_word' id='word_1_191' title='bbox 776 3917 857 3985; x_wconf 82' lang='lat' dir='ltr'>Ausg.</span> <span class='ocrx_word' id='word_1_192' title='bbox 873 3936 900 3984; x_wconf 93' lang='lat' dir='ltr'>p.</span> <span class='ocrx_word' id='word_1_193' title='bbox 920 3917 979 3968; x_wconf 80' lang='lat'><strong>377.</strong></span> <span class='ocrx_word' id='word_1_194' title='bbox 1016 3918 1059 3970; x_wconf 83' lang='lat' dir='ltr'>cf.</span> <span class='ocrx_word' id='word_1_195' title='bbox 1080 3916 1152 3970; x_wconf 88' lang='lat' dir='ltr'>Los-</span> 
     </span>
     <span class='ocr_line' id='line_1_30' title="bbox 189 3997 1010 4068; baseline -0.002 -16"><span class='ocrx_word' id='word_1_196' title='bbox 189 4041 191 4045; x_wconf 18' lang='grc' dir='ltr'><em>Α</em></span> <span class='ocrx_word' id='word_1_197' title='bbox 269 4002 341 4066; x_wconf 87' lang='lat' dir='ltr'>sins,</span> <span class='ocrx_word' id='word_1_198' title='bbox 362 3997 462 4054; x_wconf 78' lang='lat' dir='ltr'>Philon.</span> <span class='ocrx_word' id='word_1_199' title='bbox 481 4000 544 4052; x_wconf 86' lang='lat' dir='ltr'>Real</span> <span class='ocrx_word' id='word_1_200' title='bbox 563 3997 631 4050; x_wconf 83' lang='lat' dir='ltr'>Lex.</span> <span class='ocrx_word' id='word_1_201' title='bbox 650 4017 677 4052; x_wconf 78' lang='lat' dir='ltr'>v·</span> <span class='ocrx_word' id='word_1_202' title='bbox 696 3998 797 4068; x_wconf 82' lang='lat' dir='ltr'>Regrils</span> <span class='ocrx_word' id='word_1_203' title='bbox 809 3997 843 4050; x_wconf 86' lang='grc' dir='ltr'>Τ.</span> <span class='ocrx_word' id='word_1_204' title='bbox 864 3999 887 4049; x_wconf 91' lang='lat'>1.</span> <span class='ocrx_word' id='word_1_205' title='bbox 905 4018 933 4066; x_wconf 87' lang='lat' dir='ltr'>p.</span> <span class='ocrx_word' id='word_1_206' title='bbox 952 4000 1010 4050; x_wconf 80' lang='lat'>519.</span> 
     </span>
    </p>
   </div>
   <div class='ocr_carea' id='block_1_4' title="bbox 0 0 1267 4672">
    <p class='ocr_par' dir='ltr' id='par_1_6' title="bbox 0 0 1267 4672">
     <span class='ocr_line' id='line_1_31' title="bbox 0 0 1267 4672; baseline 0 0"><span class='ocrx_word' id='word_1_207' title='bbox 0 0 1267 4672; x_wconf 95' lang='lat' dir='ltr'> </span> 
     </span>
    </p>
   </div>
  </div>
 </body>
</html>
