2520 4672
526 362 566 424 53

49 548 175 635 urutuo
198 569 384 661 petiisseuta
409 569 497 634 testis
525 567 619 633 nohis
644 584 691 634 cst
719 570 863 635 omnium
890 574 1029 663 antiquo

37 704 224 768 ‘gestorum
263 684 424 753 bellorum
463 686 615 769 historia,
653 704 747 754 testes
778 713 808 757 v.
846 713 875 774 g.
913 714 1025 757 causae

42 801 166 870 belli
162 807 323 892 ¹rl'rojani,
361 806 480 896 quibus
507 804 711 895 exponendis
742 823 836 896 pater
869 807 1026 876 Historiae

41 913 164 990 libros
194 948 266 990 suos
298 922 479 989 exorditur·
517 919 674 1014 utrinque
712 924 861 994 mulieres
893 947 1024 1061 raptae,

41 1056 258 1133 semperque
281 1043 333 1108 ἰ’σα
359 1048 430 1129 πρὸς
451 1045 503 1109 ἰ’σα
522 1039 660 1108 reddita.
724 1087 728 1115 ,-

490 1271 528 1382 a
562 1274 603 1358 a

47 1506 280 1589 ¹.Snfficiant
314 1512 395 1579 haec
431 1510 472 1583 de
514 1511 652 1597 talione,
687 1515 722 1577 in
754 1538 819 1603 qua
849 1516 920 1605 ipsa
945 1518 1029 1586 nihil

46 1621 222 1710 iniustum
240 1655 350 1720 neque
367 1629 586 1697 inhumanum
602 1632 782 1723 reperitur,
800 1635 918 1722 cuique
932 1638 1031 1721 igitur

50 1763 228 1828 quatenus
255 1748 411 1836 legislatio
440 1747 585 1840 poenalis
621 1767 917 1840 superstrueretur,
950 1751 1029 1822 haec

53 1880 139 1933 non
153 1867 246 1938 valde
264 1867 487 1961 improbabilis
510 1866 605 1954 vulgo
624 1867 802 1954 evadebat3
826 1893 940 1935 eorum
960 1873 1029 1938 cri·

53 1980 191 2055 ¹1linum
212 2011 307 2071 vero,
332 1988 451 2077 quibus
478 1988 643 2077 imperans
667 2005 723 2053 aut
750 1988 859 2054 civitas
881 1985 1030 2056 laedere·

10 2094 22 2215 ¹l¹
56 2108 142 2189 tur,
172 2102 459 2196 reliquorumque,
498 2130 581 2196 quae
618 2103 735 2170 talione
770 2102 930 2171 vindicari
965 2130 1033 2173 non

14 2224 17 2231 '
59 2235 217 2309 possent,
240 2218 384 2316 poenae,
407 2247 476 2288 non
492 2224 619 2312 potuit,
643 2223 726 2311 quin
746 2223 914 2313 principio
936 2245 1031 2291 sanae

63 2329 148 2415 lusti
172 2341 299 2408 notioni
325 2333 532 2429 uehementer
562 2360 796 2432 repugnarent.
854 2342 1033 2433 Praecipua

53 2471 164 2534 ,latua
189 2461 250 2527 sita
276 2477 346 2527 erat
372 2461 407 2525 in
439 2477 619 2550 temporum
651 2459 817 2549 barbarie,
855 2461 908 2524 cui
935 2486 1031 2529 aoce-

34 2652 37 2657 ,
72 2562 186 2665 (lebat,
210 2578 302 2672 quod
323 2577 407 2664 leges
428 2603 522 2670 saepe
544 2603 611 2644 non
632 2578 853 2661 sufficiebant,
877 2596 933 2644 aut
955 2604 1030 2648 oer-

32 2782 38 2791 ·
74 2702 104 2754 ῑθ
137 2684 283 2790 expressa
322 2696 488 2763 sanctione
523 2720 591 2762 non
626 2713 719 2762 erant
754 2694 948 2782 distinctae,
988 2700 1033 2766 ita

79 2823 113 2873 ut
145 2816 182 2882 ab
217 2816 347 2901 ingenio
382 2815 543 2906 principis
573 2829 628 2879 aut
654 2808 809 2900 judicum'
829 2815 879 2880 ira
905 2840 1031 2907 poena-

84 2946 148 3001 ητα
170 2935 305 3022 gravitas
331 2931 502 3025 penderet.
556 2932 648 3000 Vitiis
684 2933 752 2998 istis
785 2956 860 2999 cum
885 2934 1031 3024 populo·

91 3067 146 3119 run
177 3054 314 3120 infantia
329 3061 334 3065 ’
349 3075 478 3118 necesse
516 3052 700 3138 conjunctis
732 3027 875 3141 primum
906 3052 1034 3120 obviam

91 3161 155 3238 litun
185 3190 234 3239 cst
271 3170 342 3237 fixis
372 3167 522 3257 judicum
550 3167 686 3254 collegiis
717 3167 950 3234 constituendis
992 3195 1032 3237 ex

43 3286 46 3297 ¹
94 3289 200 3378 optimis
235 3290 359 3360 civibus
372 3343 390 3395 ἢ
393 3292 430 3355 'et
463 3289 500 3354 in
534 3284 660 3374 longius
693 3266 789 3371 vulgo
824 3303 952 3377 tempus
983 3287 1032 3379 (l)

92 3401 234 3478 lectorum.
282 3408 375 3476 Talia
396 3406 537 3496 judicia,
571 3432 653 3499 quae
680 3407 824 3497 primum
851 3405 893 3472 de
920 3408 1036 3492 gravi-'

89 3527 178 3596 unlus
204 3527 331 3597 delictis
357 3528 505 3593 instituta
532 3542 627 3608 sunt,
659 3522 701 3590 ad
729 3522 902 3616 populares
930 3547 1030 3610 nugas

84 3645 237 3739 pellendas
264 3666 298 3714 et
324 3645 470 3713 meliores
505 3646 587 3730 juris
613 3642 760 3710 notiones
792 3641 1032 3709 substituendus

47 3766 247 3861 plurinum
285 3762 456 3853 contulisse
474 3844 477 3849 Ι
492 3763 655 3833 videntur.
713 3758 907 3847 Huiusmodi
947 3759 1032 3850 quid

35 3920 38 3927 ·
75 3889 162 3957 nobis
184 3886 262 3954 dure
282 3884 438 3956 ridentur
460 3883 639 3975 Aeschylus
660 3899 693 3949 et
715 3877 905 3969 Euripides,
925 3881 1029 3948 Ores-

98 4044 365 4205 (1)plpu‹1.·uplr'¹sa
394 4050 445 4116 ad¹
462 4026 573 4117 morteri
595 4054 679 4132 'usque
712 4076 819 4113 munere
854 4058 1036 4129 fungebantur.

95 4190 98 4195 .
188 4147 279 4205 arod:
335 4148 402 4200 .3t.
556 4180 559 4197 ι
