2520 4672
536 321 575 388 73

65 534 149 602 tales
170 550 205 599 et
231 529 424 624 qui-'eodem
449 531 806 624 tempore'philosophi
829 533 1031 616 floruerunt,

68 648 218 744 quamtis
240 649 384 737 'religiosi
407 650 476 719 fere
494 652 697 720 reiteratione
711 652 925 743 Pythagoram
941 676 1032 718 nun-

64 748 209 864 cupent,
233 789 355 837 certam
384 768 677 862 amandumque
700 769 887 862 disciplinae
906 773 1031 863 Pytha·
1090 763 1092 769 ⁵

43 896 54 928 ’·
64 912 180 976 goreae
198 889 424 974 'cognitionem
451 888 646 955 desiderasse
674 888 847 973 videnturg
863 891 1031 958 etArie—

47 1005 464 1098 --tareles'fquidemquae
491 1004 895 1099 Pythagoreae'opiniones
915 1007 1031 1074 ferun-

66 1144 141 1207 tur,
173 1149 240 1190 non
266 1125 308 1190 ad
336 1143 501 1192 auctorem
530 1125 658 1192 scholae
688 1124 807 1210 referre
834 1124 951 1209 audet,
968 1126 1032 1194 sed

49 1245 237 1311 ,universae
264 1243 551 1315 scholae'tribnit:
576 1268 649 1311 cccc
674 1262 781 1310 tamen
805 1244 865 1310 diu
887 1262 963 1334 post
979 1246 1030 1313 vi-

67 1381 102 1431 ta
139 1362 280 1428 hominis
311 1380 467 1431 accurate·
488 1361 653 1453 descripta
688 1380 720 1428 et
751 1363 918 1453 opiniones
946 1380 1033 1429 certo

62 1481 188 1550 ordine'
208 1477 374 1564 redactae,
410 1482 457 1545 ita
492 1500 531 1548 ut
558 1480 643 1546 nihil
671 1479 847 1546 desiderari
875 1481 1031 1549 crederes.

64 1589 140 1667 Hoc
165 1599 379 1667 fundamento
406 1600 486 1682 nisi,
514 1623 620 1689 neque
646 1600 744 1684 magis
772 1591 928 1689 operum,
948 1625 1033 1689 quae

65 1717 235 1810 discipulis
266 1717 464 1808 Pythagorae
493 1718 702 1799 tribuuntur,
733 1715 834 1783 fidem
860 1720 1032 1808 suspican-

66 1842 134 1919 t'es,
157 1841 324 1927 systemata
350 1833 468 1901 morale
492 1853 524 1901 et
550 1833 694 1901 naturale
716 1836 926 1925 Pythagorica
949 1862 1032 1903 con-

57 1968 261 2038 texuerunt,
286 1978 369 2046 quac
396 1955 423 2020 si
439 1953 662 2047 'philosophos
684 1954 763 2044 ipse}
779 1956 940 2046 inspicere
955 1962 1031 2048 ¹po-

50 2074 200 2158 -tnisset,
232 2090 269 2139 ut
296 2071 452 2139 Phaedon
479 2071 557 2139 olim
582 2075 617 2137 in
638 2072 793 2139 Platonis·
811 2073 941 2160 Dialogo
964 2076 1031 2166 (l),
1087 2109 1096 2122 ,
1161 2060 1164 2067 ⁸

65 2217 161 2280 aegre
169 2241 187 2275 „
197 2193 344 2258 arbitror
355 2216 444 2275 ,stra
467 2193 653 2288 agnovisset.
699 2193 832 2257 Primus·
847 2194 883 2256 in
902 2178 956 2258 liis
978 2211 1030 2260 te-

46 2313 179 2378 -nebris
214 2310 323 2378 lucem
358 2307 506 2377 accendit
537 2311 727 2375 Mainersius
750 2309 820 2400 (2),
843 2313 901 2399 qui
928 2336 1032 2402 quum

66 2430 262 2496 drotioribus
289 2427 445 2511 limitibus
473 2428 698 2520 philosophiae
724 2427 940 2519 Pythagoreas
954 2412 1031 2496 ¹'no-

65 2552 174 2618 titiam
202 2549 510 2639 circumscripserit,
533 2548 618 2613 hanc
646 2548 761 2637 utique
785 2546 930 2612 reddidit
958 2573 1030 2614 cer-

64 2673 202 2753 tiorem,
236 2670 367 2754 ingenio
398 2668 511 2734 eximia
543 2667 666 2733 Critico
692 2662 796 2732 fontes
824 2668 1030 2749 examinavit,

62 2815 103 2859 cx
133 2790 254 2880 quibus
281 2786 353 2853 solis
384 2788 464 2853 haec
491 2787 604 2852 notitia
631 2786 755 2851 hauriri
781 2787 880 2876 possit
911 2804 943 2852 et
972 2811 1030 2853 co-

60 2911 157 3002 piose
185 2906 435 2988 demonstravit,
467 2907 612 2991 exiguam
639 2923 765 3001 partem
786 2930 917 2990 eorum,
951 2908 1032 2996 qui·
1106 2920 1108 2927 ‘

20 3082 36 3124 ·.
59 3031 126 3096 bus
156 3029 264 3117 quiete
291 3051 328 3092 ac
356 3025 499 3116 placide·
513 3022 736 3120 compilatores
772 3043 806 3091 et
839 3027 1032 3115 interpretes

35 3124 115 3216 ¹uti
143 3145 307 3226 solebant,
344 3146 459 3212 merito
487 3163 550 3210 'usu
577 3145 687 3210 venire
712 3168 815 3234 posse.
861 3142 970 3234 Quod*
989 3143 1032 3209 ad
1104 3144 1106 3153 '
1168 3127 1176 3146 ³

15 3326 20 3330 .
53 3267 222 3338 'moralem
247 3264 453 3356 disciplinam
484 3265 616 3347 attinet,
640 3264 674 3327 in
701 3263 769 3354 qud
792 3279 858 3328 tota
886 3264 1033 3353 quaestio

52 3405 175 3458 nostra
201 3404 365 3470 versatur,
402 3401 532 3476 praeter
566 3407 621 3466 ea,
659 3406 742 3474 quae
772 3368 1032 3475 commemoravit

49 3504 272 3594 Aristoteles,
304 3530 344 3572 ex
373 3502 442 3595 fide
468 3503 573 3589 dignis
602 3502 792 3569 auctoribus
816 3499 941 3568 casola
964 3523 1037 3566 esse:
1079 3596 1087 3606 r

86 3843 138 3913 (1)
160 3836 259 3892 Athen·
279 3839 409 3908 Deipnos.
428 3836 463 3889 L.
482 3835 535 3888 xl.
554 3837 613 3889 505.
660 3846 663 3850 ’
691 3802 696 3809 l
846 3883 848 3887 .

82 3927 134 3997 (2)
156 3918 318 3975 Geschichtc
352 3923 401 3972 der
431 3919 672 3978 Wissenschallen
693 3919 722 3971 in
754 3914 951 3970 Griechenland
978 3917 1038 3969 und

152 4005 231 4057 llom.
249 4003 283 4056 T.
303 4003 326 4056 l.
345 4022 372 4074 p.
394 4003 539 4056 178-602.
