2520 4672
611 317 671 381 102

599 466 613 497 0

157 555 207 598 eos
249 529 442 616 segregarint
481 544 520 606 et
563 529 738 592 communis
780 525 972 616 disciplinae
1014 530 1114 617 specie

158 648 407 735 conjunxerint,
430 643 563 713 sordida
576 644 719 713 avaritia
746 661 842 733 atque
868 644 1045 714 immodica
1064 671 1114 713 ar-

158 767 304 854 rogantia
331 763 464 830 suerunt
500 762 557 853 (1).
617 765 663 828 Ut
696 760 814 827 multos
852 764 914 829 sibi
944 763 1115 857 discipulos
1156 842 1160 855 Ι

159 884 414 970 adstringamur,
452 900 552 948 artem
591 881 726 948 civitatis
756 879 919 966 regundae
945 882 1116 973 praedica·

157 1021 237 1071 runt
262 999 467 1069 facillimam:
492 1000 617 1090 quippe
640 996 725 1064 nihil
752 997 947 1084 desiderari,
976 1003 1041 1067 nisi
1065 999 1115 1067 tli-

159 1119 255 1191 eendi
288 1118 492 1201 facultatem,
528 1142 603 1185 cum
636 1116 739 1204 leges,
777 1119 898 1186 civitati
932 1137 1010 1211 apte
1038 1143 1115 1187 eon·

145 1237 356 1325 stituendas,
392 1238 530 1326 optimas
567 1237 707 1327 quisque
742 1235 858 1324 eligere
885 1240 988 1328 posit
1016 1263 1034 1305 e
1061 1262 1117 1307 ra-

112 1389 116 1401 1
157 1359 214 1425 riis
254 1355 396 1442 legibus,
432 1340 552 1446 quibus
577 1353 707 1423 'diversi
741 1354 857 1447 populi
893 1374 1032 1425 utantur
1061 1355 1119 1447 (2).

127 1545 130 1550 ,
157 1478 227 1544 Hae
262 1474 396 1543 dicendi
429 1472 590 1541 facultatis
620 1471 661 1540 ad
689 1473 978 1564 publica-negotia
1007 1473 1120 1567 appli-

158 1595 283 1664 catione
319 1593 419 1661 altera
453 1591 643 1684 disciplinae
671 1593 872 1684 sophisticae
905 1618 981 1685 pars
1012 1595 1121 1663 conti·

156 1732 263 1781 netur.

199 1830 313 1899 Altera
339 1854 414 1920 pars
440 1832 587 1920 ipsorum
614 1827 743 1921 placitis
766 1827 963 1913 absolvitur,
1002 1830 1125 1920 quibus

158 1949 217 2017 etsi
243 1971 312 2013 non
340 1949 472 2013 omnino
500 1946 740 2031 consenserint,
776 1946 866 2015 idem
899 1965 1011 2014 tamen
1042 1947 1124 2039 phi-

154 2064 348 2157 losophandi
388 2066 579 2155 probarunt'
610 2066 831 2157 principium:
870 2090 989 2158 nempe
1032 2065 1128 2158 quod

154 2169 304 2252 universa
329 2182 478 2249 doctrina
500 2182 541 2250 de
567 2186 711 2252 moribus
734 2183 830 2286 nullo
850 2183 971 2253 idoneo
997 2183 1126 2253 sunda-

153 2289 265 2370 mento
291 2303 423 2369 nitatur.
469 2304 539 2370 Hoc
565 2305 726 2395 imprimis
748 2322 826 2389 ¹est,
859 2303 950 2394 quod
977 2306 1130 2372 omnium

154 2439 340 2518 temporum
366 2423 578 2488 exsecrationi
600 2446 652 2489 eos
676 2421 821 2491 devovit:
845 2445 953 2512 neque
980 2423 1125 2510 injuria:

155 2565 260 2632 quum
294 2517 456 2608 eritialem
490 2542 586 2607 istam
619 2558 745 2632 pestem
772 2566 840 2607 non
867 2538 997 2607 scholae
1027 2557 1127 2608 tene·

153 2659 221 2724 bris
248 2657 472 2741 involverunt,
501 2658 558 2725 sed
580 2658 787 2748 publicarum
816 2656 996 2726 lectionum
1022 2660 1125 2726 insci-

153 2775 352 2866 tutionisque
372 2778 561 2862 contagione
582 2772 643 2868 pe'r
664 2781 846 2855 universam
862 2779 1027 2848 civitatem
1041 2804 1127 2871 pro-
1159 2840 1163 2849 .

74 2980 77 2986 .
153 2910 326 2985 pagarunt.
386 2892 422 2960 Si
455 2891 713 2986 philosophandi
747 2899 831 2965 ratio
861 2922 937 2966 cum
968 2914 1130 2967 consueto

153 3034 243 3112 more
272 3013 492 3098 convenisset,
516 3015 661 3106 privatae
686 3014 876 3108 disciplinae
906 3014 1030 3083 finibus
1055 3021 1126 3084 cir-

155 3132 377 3223 cumscripta,'
406 3155 474 3199 non
509 3131 639 3219 suisset,
671 3159 731 3202 cur
758 3153 825 3203 tam
852 3143 961 3204 severe
986 3134 1125 3222 judica-

151 3263 276 3315 rentur.
321 3249 448 3317 Priores
476 3254 571 3319 etiam
593 3251 784 3346 philosophi
810 3254 926 3345 multas
949 3258 1124 3348 opiniones

151 3362 318 3450 foverant,
341 3366 487 3454 religioni
510 3395 571 3438 nec
593 3372 686 3439 bonis
705 3374 849 3441 moribus
868 3393 1125 3460 consentaneas,

153 3510 172 3551 a
206 3486 328 3576 quibus
368 3509 446 3555 vero
480 3492 633 3559 'internae
673 3494 885 3561 institutionis
927 3490 1128 3564 obscuritate

187 3747 228 3817 (1)
249 3746 306 3807 Cic.
328 3749 412 3802 Acad.
429 3750 474 3802 Pr.
494 3748 534 3801 11.
551 3750 595 3802 23.
630 3751 699 3822 Quis
717 3758 756 3804 est
778 3749 844 3804 hic?
878 3750 951 3804 Num
969 3749 1133 3820 sophistes?

245 3828 292 3885 sic
309 3835 379 3885 enim
398 3834 598 3902 appellabantur
615 3833 653 3900 ii,
678 3835 726 3905 qui
741 3834 925 3889 ostentationis
942 3842 987 3888 aut
1003 3844 1133 3906 quaestus

243 3930 321 3966 causa
336 3913 603 3985 philosophabantur.

72 4022 78 4035 .
185 3989 225 4063 (2)
246 3994 327 4051 tritt.
347 3996 452 4054 Nicon.
473 3998 508 4054 h·
526 3999 565 4054 X.·
582 4018 608 4068 p.
628 4000 814 4058 143.Duva11.
