2520 4672
594 290 657 356 302

143 499 418 583 conservandum,
449 499 504 567 sed
532 515 646 567 mutua
666 498 810 565 omnium
841 499 1097 573 contrahentium

143 620 292 691 utilitatis
327 621 471 701 ratione,
509 635 675 708 tamquam
709 615 850 708 simplici
875 644 915 687 ac
944 638 1105 689 constante·

139 738 303 834 probandi
329 763 366 804 ac
392 735 564 825 judicandi
589 753 666 802 nota
688 739 875 826 proposita,
899 738 1092 828 proximasti

139 884 253 930 verum
273 855 427 924 accedere
453 854 593 922 videtur.
646 856 705 922 Fst
734 857 833 922 etiam
863 856 999 927 fortasse
1026 861 1091 925 nni-

64 968 67 974 *
138 1003 248 1048 versae
282 975 472 1066 disciplinae
507 975 686 1063 Epicureae
721 977 998 1066 praestantissima
1031 1003 1094 1071 pars

139 1117 173 1167 st
203 1099 276 1188 ipsi
312 1095 404 1186 quasi
438 1091 613 1183 disciplina
648 1095 872 1183 praestantior.
919 1097 995 1163 Non
1029 1096 1093 1171 solet

38 1218 41 1223 ’
139 1220 226 1285 enim
252 1217 411 1306 Epicurea
436 1214 520 1279 ratio
551 1210 593 1278 ad
621 1237 825 1282 communem
860 1217 1012 1283 omnium
1035 1218 1090 1283 nti·

138 1335 263 1401 litatem
287 1332 411 1414 efferri,
447 1329 505 1397 sod
540 1329 679 1417 singulos
714 1356 844 1423 semper
870 1334 1022 1403 homines
1046 1360 1092 1404 eo·

140 1476 281 1543 ruraque
305 1449 472 1517 commodo
498 1468 632 1540 spectat.
677 1452 764 1517 Hinc
789 1455 887 1520 etiam
908 1454 1025 1545 pulcra
1047 1458 1092 1523 in.

143 1589 269 1664 ceptam
301 1569 390 1635 illam
415 1553 505 1654 justi¹
525 1568 749 1636 definitionem
775 1595 843 1637 non
873 1572 1026 1641 viriliter.
1042 1572 1093 1641 atl-

140 1690 274 1757 modum
293 1691 454 1779 Epicurus
475 1705 595 1755 tuetur.
616 1687 1094 1781 .Sidocuisaitp1optereaju·

142 1812 245 1876 titiam
272 1807 440 1875 colendam
465 1831 552 1891 esse,
575 1809 730 1897 quoniam
756 1811 938 1881 communis
965 1813 1095 1877 omnium

140 1929 288 2021 voluptas
314 1926 516 2012 singulorum
539 1925 622 1993 illud
649 1925 794 1995 studium
820 1928 948 2018 poscit,
978 1929 1093 1997 docmi-

139 2073 183 2114 na
208 2050 269 2114 ista
291 2073 309 2111 a
335 2070 488 2112 sensuum
509 2047 692 2114 testimonio
711 2045 859 2136 pendens
883 2046 1004 2137 multas
1025 2072 1093 2140 pro-

137 2165 224 2235 lecto
258 2163 427 2232 rationales
454 2165 676 2256 superavisset.
728 2164 776 2232 At
802 2167 945 2256 turpiter
973 2193 1046 2237 mox
1066 2169 1096 2233 in

140 2286 269 2354 solitum
308 2287 450 2378 privatae
489 2282 662 2374 voluptatis
706 2304 909 2353 momentum
944 2285 1098 2353 delabitur

134 2407 301 2497 ‚docetque
333 2404 489 2492 injuriam
520 2428 587 2469 non
619 2426 681 2494 per
713 2427 746 2471 se
767 2384 1020 2495 essenorum,
1048 2402 1097 2471 sed

138 2545 277 2620 propter
303 2524 409 2610 illius,
442 2525 501 2616 qui
529 2523 722 2591 commiserit
757 2540 901 2607 metum,
934 2523 1027 2615 quod
1051 2523 1094 2590 la-

138 2664 205 2714 tere
241 2662 384 2737 nequeat
419 2643 595 2730 injustitias
633 2642 823 2741 constitutos
838 2681 841 2686 ·
857 2640 1008 2710 vindices
1043 2644 1097 2731 (l).

228 2886 330 2939 rietatis
360 2885 443 2937 initiis
471 2885 510 2937 ita
538 2885 593 2937 fers
615 2883 740 2950 exponit:
770 2881 952 2952 Sapimtiorea
978 2884 1101 2948 honines,

228 2989 296 3040 quaa
321 2971 373 3023 sibi
397 2971 430 3022 ad
447 2971 588 3023 utilitatem
600 2971 918 3035 confemevidebantur,
938 2972 1028 3025 statim
1042 2972 1102 3023 inter

229 3071 256 3105 so
272 3055 433 3107 constituero
452 3055 562 3122 aggressi
578 3061 640 3105 sunt
654 3061 682 3106 et
694 3072 740 3107 eos
756 3055 804 3123 qni
822 3055 935 3107 remonis
952 3057 1053 3111 virium
1065 3057 1104 3108 in-

228 3140 456 3203 innotescerent,
476 3139 511 3189 ad
527 3136 692 3205 oneramus
706 3138 771 3200 itu,
794 3154 943 3205 poenarum
961 3146 1035 3192 netu
1046 3155 1104 3191 oon·

227 3225 400 3274 strinxerunt.
436 3220 570 3274 Continuo
589 3229 677 3275 autam
694 3223 839 3288 viderunt,
857 3223 1031 3293 reliquorum
1047 3223 1103 3292 qni·

228 3304 290 3357 dena
307 3305 479 3356 animantium
489 3306 596 3358 easdem
612 3306 647 3356 ad
664 3305 733 3359 viu·
747 3322 808 3358 suae
819 3307 1042 3375 tanquillitatem
1056 3324 1102 3360 este

227 3390 417 3452 necessariam,
445 3385 583 3439 hominum
608 3404 672 3441 vero
696 3388 802 3441 caedem
819 3388 922 3440 nullius
941 3408 997 3443 esse
1011 3390 1104 3441 utilita-

226 3470 271 3521 tis.
306 3471 468 3539 Religionem
487 3472 567 3540 igitur
590 3472 749 3525 invocarunt
767 3481 793 3526 et
809 3491 907 3543 poenas
924 3478 1100 3540 arriserunt,
1119 3528 1124 3541 ,

143 3594 146 3599 .
228 3555 325 3622 quibus
351 3552 469 3605 hominos
495 3572 526 3606 eo
552 3556 782 3621 perducerentur,
811 3564 841 3608 ut
867 3558 1035 3627 decepissem
1058 3556 1101 3608 τοῦ

228 3643 393 3704 συγγενοῦς,
414 3640 620 3701 stratumne.
631 3644 682 3708 τὴν
699 3642 853 3703 κοινωνίαν,
867 3642 890 3716 ᾖ
904 3638 1033 3713 συνήθει
1042 3642 1100 3712 πρὸς

199 3750 202 3755 -
229 3727 279 3788 τὴν
302 3723 381 3774 ilaus
406 3721 520 3773 ἑκάστου
540 3726 685 3792 σωτηρίαν.
712 3723 739 3788 §.
759 3723 799 3774 10.
834 3720 932 3776 cens
950 3721 1002 3778 ltoe
1016 3724 1098 3793 ing»

230 3802 332 3857 Plrilos.
351 3803 462 3872 Epicur.
479 3822 528 3873 per
546 3802 674 3859 Gassend.
694 3806 771 3859 1649.
788 3823 816 3873 p.
834 3806 911 3861 totu

170 3887 311 3958 (tyniog.
331 3885 365 3940 L.
385 3888 411 3953 §.
428 3889 487 3951 151,
513 3886 589 3943 Sunt.
605 3889 648 3941 3⁷.
674 3887 716 3943 Ἥ
732 3888 828 3943 ἀδικία
854 3888 985 3945 ostam
1006 3887 1099 3952 levvi!

584 4012 587 4017 .
1055 3988 1099 4023 se·
