2520 4672
604 323 669 387 244

149 537 315 602 'summum
342 535 467 600 bonum
504 536 736 627 conjunxerat,
775 532 867 624 quod
898 518 1032 625 superat
1059 534 1122 599 hu-

155 679 285 740 manam
308 647 459 747 naturam
483 652 574 743 (1)),
609 678 647 720 eo
668 653 827 720 intentius
850 654 885 717 in
912 651 1002 719 illam
1029 672 1127 722 artem

153 774 316 838 incubuit.
361 773 404 837 Et
433 772 577 863 quamvis
606 770 727 838 infelici
764 789 865 854 sorte,
900 798 967 862 qua
999 772 1124 863 prinei-

153 893 210 982 pio
238 889 419 957 Aristotelis
461 890 538 956 libri
580 893 631 957 usi
671 888 766 975 sunt,
805 891 956 958 effectum
994 907 1064 973 est,
1094 906 1128 954 ut

142 1012 239 1096 ¹justa
273 1008 404 1074 illorum
439 1007 747 1076 distribuendorum*
776 1011 859 1076 ratio
896 1007 1127 1076 diutissimae

69 1215 71 1218 Ι
153 1129 228 1195 viris
266 1127 369 1193 doctis
404 1127 667 1212 desideraretur,
705 1154 771 1219 qua
803 1128 843 1195 de
886 1153 920 1194 re
952 1151 1062 1217 neque
1089 1124 1127 1192 ad

154 1247 247 1333 bunc
274 1273 378 1336 usque
395 1223 496 1314 'diem
524 1249 701 1339 composita
725 1247 764 1313 lis
791 1265 858 1327 est:
883 1245 1054 1312 manifesto
1076 1263 1124 1310 ta-

155 1391 232 1432 men
261 1385 413 1458 apparet,
450 1369 559 1458 ipsum
595 1385 628 1435 et
654 1368 816 1457 exquisito
842 1366 959 1433 ordine
993 1367 1125 1434 univer-

158 1509 231 1550 sum
258 1487 449 1570 cognitionis
485 1485 645 1552 humanae
679 1509 832 1576 eampum
861 1482 1075 1575 perlustrasse
1095 1500 1126 1548 et

155 1603 375 1694 peculiaribus
403 1606 635 1694 scriptionibus
661 1607 762 1671 varias
785 1601 976 1694 disciplinae
1000 1620 1125 1693 partes,

156 1748 236 1813 quas
267 1728 473 1809 πραγματείας
499 1742 636 1808 vocant,
665 1723 866 1806 distinxisse,
899 1748 1000 1813 quam
1024 1723 1125 1789 ratio·

153 1866 230 1907 nem
256 1846 322 1928 jam
350 1842 426 1908 olim
453 1845 568 1910 Cicero
596 1842 716 1934 aliique
748 1858 966 1929 agnoverunt,
997 1858 1032 1906 et
1059 1865 1123 1906 nu-

153 1985 215 2052 per
243 1960 283 2027 de
305 1960 466 2028 industria
490 1964 540 2030 vir
564 1962 766 2038 doctissimus
789 1963 850 2030 Fr..
872 1961 944 2028 Nic.
974 1962 1071 2026 Titze
1092 1961 1126 2024 in

152 2081 278 2166 egregio
304 2077 414 2146 libello
442 2080 627 2172 explanavit
656 2079 714 2171 (2).

199 2199 288 2263 »Est
315 2197 417 2266 sorma
445 2203 514 2286 ejus
548 2199 866 2290 (Peripateticorum)
900 2198 1127 2290 disciplinae'’,

136 2306 263 2408 'inquit
290 2317 419 2384 Tullius
444 2319 512 2410 (3),
537 2338 554 2379 »
568 2319 652 2386 sidut
679 2319 746 2385 fere
770 2335 971 2402 ceterarum,
995 2318 1123 2412 triplex.

153 2437 227 2502 Una
254 2462 329 2528 pars
365 2456 413 2537 est
440 2456 593 2523 naturae,
625 2426 807 2505 disserendi
844 2437 963 2519 altera,
995 2437 1126 2506 vivendi

153 2557 282 2622 tertia't
329 2530 439 2646 Quam
462 2559 590 2624 tertiam
614 2576 742 2649 partem
764 2559 882 2624 Cicero
904 2573 1020 2639 vocat,
1045 2581 1125 2624 con-

155 2677 250 2743 tinuo
278 2675 508 2760 aggrediamur
563 2679 724 2743 Tribus
714 2694 834 2779 iterum
865 2693 992 2742 constat
1021 2676 1128 2766 parti-

154 2795 236 2876 bus,
261 2819 344 2883 quae
366 2820 489 2878 mores,
513 2821 582 2862 rem
604 2780 793 2862 familiarem
813 2812 847 2861 et
868 2819 938 2860 rem
959 2792 1129 2886 publicam

62 2953 65 2976 t
154 2931 313 3004 spectant.
368 2916 416 2980 De
441 2916 585 2981 moribus
615 2918 676 2981 tria
705 2916 754 3006 (4)
789 2912 970 2982 Aristotelis
1000 2915 1130 2980 nomine

154 3031 209 3097 ad·
229 3057 290 3099 nos
320 3046 425 3124 opera'
452 3054 692 3127 pervenerunt:
729 3037 873 3126 primum
902 3032 944 3099 ad
970 3035 1127 3100 Nicoma-

158 3149 259 3217 chum
285 3150 399 3218 ‘filium
435 3155 614 3245 scriptum,
651 3154 765 3222 decem
799 3152 890 3220 libris
922 3151 1127 3237 absolutum,

714 3246 739 3315 't

187 3414 227 3483 (1)
249 3415 332 3466 Arist
353 3413 459 3467 Nicom.
480 3416 503 3468 1.
521 3419 546 3467 4.
574 3416 662 3488 Magn
680 3396 1020 3470 Mor.1.1.146.A..c

186 3498 281 3567 (ΖΠ.
301 3497 336 3551 N.
356 3499 434 3552 Titze
454 3503 487 3553 de
507 3503 590 3554 Arist.
610 3503 683 3572 Opp.
702 3503 768 3554 serie
786 3507 813 3554 et
829 3501 945 3554 distinct
968 3501 1045 3571 Lips.
1058 3502 1135 3556 1826.

185 3580 227 3650 (3)
249 3580 306 3634 Cic.
327 3582 387 3634 Fin.
407 3583 442 3635 V.
461 3587 487 3635 4.
684 3629 687 3632 ,

83 3698 90 3711 .
186 3663 226 3734 (t)
246 3663 382 3718 Libellum
396 3669 465 3739 enim
481 3670 514 3720 de
532 3667 687 3722 Virtutibus
704 3677 730 3721 et
748 3669 848 3735 vitiis,
869 3689 916 3740 qur
908 3669 981 3721 'rub
997 3669 1135 3723 Aristote-

243 3748 277 3799 lis
294 3751 399 3801 nomine
418 3751 504 3802 fertur
524 3752 562 3819 (p.
579 3753 716 3804 291-296
721 3753 877 3822 Danu),
897 3760 1031 3823 quemque
1055 3770 1134 3820 sepa-

242 3830 321 3881 ratim
340 3850 400 3883 cum
424 3832 554 3885 Plethone
578 3832 664 3886 edidit
682 3835 825 3890 Fawconer
851 3834 941 3887 Oxou.
961 3835 1014 3886 ΑΟ.
1035 3837 1132 3902 1752.,

240 3929 295 3963 non
322 3930 447 3979 numero,
478 3917 578 3985 quippo
603 3918 649 3999 qui
673 3919 788 3970 unanimi
814 3917 981 3971 eruditorum
1005 3935 1133 3973 comeum

216 3995 382 4048 Aristoteli
409 3999 585 4066 abjudicatur.
768 4022 771 4027 ·
