2520 4672
590 365 656 430 246

189 577 377 646 Aristoteles
404 578 530 668 primus
554 575 616 641 suit
644 576 729 665 (tum
756 577 843 642 enim
865 576 1023 645 Heracliti
1036 575 1112 667 fln-

143 701 251 789 nium,
274 703 311 764 itt
337 718 431 786 quem
460 710 525 761 non
554 699 603 762 his
628 691 810 762 descendas.
830 696 900 787 (l),
933 714 1005 762 tum
1032 697 1113 764 Pro-

144 835 271 904 tagorae
300 819 458 890 hominem
486 831 673 881 mensnram
698 815 767 905 (2),
792 833 861 880 tum
890 815 1117 907 Sophistarum

144 937 358 1005 cavillationes
390 938 534 1028 excipio:
578 912 661 1026 quae
701 932 753 1004 vel
783 932 875 1000 nullo
909 935 1010 1001 modo
1045 960 1116 1000 cum

141 1081 269 1123 morum
310 1055 461 1123 doctrina
503 1059 678 1141 conjuncto
720 1071 815 1120 erant
857 1052 908 1121 vel
949 1051 1116 1122 ducebant

141 1179 240 1264 magis
269 1174 310 1241 ad
348 1178 495 1242 omnium
521 1199 632 1241 rerum
667 1171 910 1240 incertitudinis
940 1171 1117 1264 professio·

140 1321 236 1380 nem,
262 1321 360 1387 quam
388 1294 429 1359 ad
460 1297 600 1360 moralis
626 1297 782 1360 veritatis
809 1292 1114 1383 considerationem)

140 1417 287 1508 primus,
318 1416 475 1506 inquam,
508 1416 566 1505 qui
600 1430 633 1480 et
659 1414 797 1480 Ethicae
823 1410 1016 1503 disciplinae
1044 1411 1113 1480 evi-

94 1576 96 1580 >
142 1534 288 1602 dentiam
322 1559 411 1616 eam,
446 1557 529 1623 quae
563 1534 599 1596 in
627 1533 771 1623 Physicis
805 1529 921 1599 studiis
950 1531 1115 1596 cernitur.

141 1653 375 1741 abjudicaverit
402 1670 435 1718 et
462 1672 569 1718 tamen
597 1651 661 1718 hac
688 1653 723 1716 in
759 1646 794 1718 re
830 1648 955 1715 nullam
988 1672 1115 1715 causam

141 1775 237 1840 sitam
264 1797 330 1839 esse
352 1772 598 1855 existimaverit,
624 1796 683 1837 cur
705 1770 807 1837 levius
830 1768 1069 1856 excoleretur(
1091 1769 1114 1857 ).

141 1893 360 1982 Nequaquam
383 1893 563 1980 quaestioni
586 1889 627 1956 de
651 1892 796 1957 moribus
821 1890 913 1981 quasi
934 1888 1113 1979 praetexit,

139 2028 178 2077 ut
214 2009 267 2077 alii
302 2009 464 2094 fecerant,
497 2010 658 2097 judicium
686 2011 755 2078 veri
784 2010 855 2099 (lt)=
890 2007 981 2100 quod
1011 2031 1111 2098 prae-

140 2147 229 2197 terea
267 2128 444 2195 collocabat
472 2131 507 2193 in
536 2124 682 2218 Empiria
711 2147 826 2195 totum.
851 2129 911 2193 'In
939 2125 1114 2217 disciplina

139 2247 319 2349 dristotelis
342 2250 488 2340 practica
506 2246 731 2339 philosophiae
752 2272 827 2338 pars
844 2245 1013 2338 praecedit
1036 2244 1113 2311 the-

139 2369 292 2435 oreticam
321 2364 391 2458 (5)3
419 2405 463 2419 -
489 2385 521 2434 et
548 2388 586 2435 ut
612 2391 741 2434 morum
767 2383 942 2457 praecepta
971 2363 1115 2456 aliquam

139 2488 204 2555 vim
231 2488 418 2571 obtineant,
442 2512 510 2553 non
533 2488 641 2578 primo
663 2486 735 2554 loco
759 2484 950 2553 enitendum
971 2502 1021 2550 est
1044 2484 1114 2550 dis-

170 2724 211 2794 (1)
233 2720 368 2775 Plutarch.
390 2720 428 2772 El
452 2723 520 2790 opud
540 2719 642 2789 Delph.
661 2722 721 2772 392.
742 2720 772 2773 Β.
802 2720 912 2790 Quaest.
926 2719 992 2772 Nat.
1008 2719 1067 2770 912.
1088 2720 1122 2770 al.

231 2805 275 2857 cf.
303 2804 347 2856 Cl.
373 2802 602 2857 Schleiermacher
629 2803 739 2856 Herakl.
762 2805 791 2856 in
814 2804 908 2858 Museo
938 2804 1034 2873 Antiq.
1056 2804 1120 2854 edd.

230 2886 316 2937 Wolf
330 2893 355 2936 ct
373 2885 524 2938 Buttmann.
543 2887 567 2937 Τ
570 2924 576 2938 .
598 2887 621 2938 Ι.
641 2902 668 2952 p.
687 2890 737 2940 356
755 2907 816 2958 sqq.
905 2877 909 2884 ⁴

172 2969 216 3039 (2)
233 2968 303 3042 Plet.
322 2965 433 3018 Thoact.
454 2969 511 3019 152.
532 2970 566 3019 A.
595 2969 637 3021 Cf.
657 2988 735 3037 supra
752 2991 780 3041 p.
800 2972 858 3022 110.

104 3106 106 3110 .
170 3061 212 3129 (3)
234 3059 316 3110 Arist.
336 3056 442 3109 Nicom.
463 3056 486 3107 l.
506 3057 530 3107 1.
549 3058 575 3107 4.
595 3056 699 3109 B.·-D.
844 3040 847 3047 .

171 3144 211 3212 (a)
234 3142 316 3192 trist.
341 3139 429 3207 uage.
455 3125 569 3190 nont.
593 3141 617 3189 1.
643 3142 703 3192 na.
722 3141 757 3193 a.
786 3140 854 3210 aaa
882 3141 934 3210 ,aa
954 3139 1011 3190 aa,
1037 3137 1123 3189 aava.

233 3223 282 3273 καὶ
308 3221 445 3288 ἀληθείας
470 3223 602 3287 λέγοντα,
631 3223 679 3273 οὐκ
701 3222 762 3297 ἔζεε
792 3221 861 3295 ὑπὲρ
880 3223 978 3294 ἀρετῆς
995 3224 1124 3295 φράζειν.

232 3305 383 3376 οὐδὲνγὰρ
401 3308 490 3374 τούτῳ
508 3307 623 3373 κᾴκείνῳ
641 3307 740 3358 κοινόν.

172 3390 213 3462 (5)
234 3388 405 3441 Contrarium
430 3389 525 3440 efficias
550 3407 582 3439 ex
608 3390 654 3441 cit.
680 3406 759 3456 supra
785 3389 873 3440 Cicer.
901 3389 921 3439 l.
947 3387 1009 3439 rin.
1027 3386 1066 3440 V.
1090 3390 1124 3439 t:

231 3473 277 3524 sed
301 3488 355 3522 nou
380 3471 431 3522 sihi
456 3470 505 3523 hac
528 3472 556 3522 in
575 3489 603 3522 re
623 3479 726 3524 constat
743 3470 849 3523 Cicero.
885 3470 928 3522 cf.
947 3472 1034 3524 Acad.
1052 3481 1124 3541 post.

233 3557 258 3609 l.
279 3559 305 3608 5.
340 3557 422 3626 Diog.
450 3556 542 3608 Lairt.
570 3550 631 3624 post
656 3554 803 3609 exhibitum
829 3555 910 3607 Arist.
928 3556 997 3609 litt.
1023 3560 1124 3623 catal,

231 3661 291 3696 cnm
315 3641 448 3708 duplicem
476 3659 531 3692 esse
547 3642 621 3694 dicat
642 3640 741 3709 philos.
763 3641 846 3692 Arist.
864 3639 1016 3704 rationem,
1035 3641 1124 3707 priori

229 3728 291 3800 loco
316 3732 394 3779 vocat
419 3727 579 3792 practicam,
609 3721 666 3776 tum
688 3723 870 3776 theoreticam.
906 3720 943 3773 Et
967 3729 1040 3774 recte
1059 3725 1124 3793 qui-

230 3813 310 3875 dem,
330 3810 548 3879 quandoquidem
571 3811 609 3860 alr
622 3809 674 3872 iia,
695 3826 762 3876 quae
772 3807 961 3877 coguitaaont,
983 3805 1124 3873 proficisci

229 3894 409 3962 praecipiebat
431 3891 608 3962 philosophus
624 3892 657 3943 ad
675 3890 825 3959 incognita,
845 3907 874 3939 eo
891 3895 979 3940 autem
996 3893 1122 3959 cognosci

229 3977 412 4041 existimabat,
432 3995 501 4045 quae
518 3975 672 4046 quotidiana
688 3975 760 4029 ritae
778 3973 970 4027 cousuetudine
984 3981 1121 4029 teruntur.

230 4055 294 4110 Eth.
313 4057 418 4111 Nteom.
440 4058 462 4113 l.
482 4060 508 4111 2.
533 4058 578 4111 cf.
597 4056 675 4110 Titne
694 4058 713 4108 l.
732 4056 751 4108 l.
770 4068 796 4125 p.
816 4057 860 4108 19.
876 4072 937 4126 sqq.
