2520 4672
606 324 648 387 86

144 532 278 625 scripti,
311 532 506 625 Pythagorae
533 551 652 600 nomeu
679 529 945 601 substituendum
971 530 1112 603 arhitra-

145 670 265 720 ramur.

191 886 347 977 Ejusdem
387 886 428 953 ab
469 899 600 979 auctore
642 881 793 951 adversus
829 882 979 952 Colotem
1009 882 1107 954 lsudit

145 1008 370 1078 communione
399 1018 528 1073 tenetur
555 1000 757 1084 Heraclitus,
780 1018 814 1070 et
836 1002 957 1094 potiori
979 1003 1108 1095 quidem

17 1196 19 1205 Α
143 1131 233 1215 jure,
265 1145 303 1196 ut
330 1122 480 1193 videtur:
506 1119 631 1214 quippe
659 1119 736 1211 qui,
769 1120 797 1187 si
824 1118 905 1190 fides
932 1120 1110 1192 Demodotc

145 1242 298 1314 habenda
334 1244 396 1327 sit,
427 1240 544 1308 Ethicu
572 1261 641 1307 non
668 1237 773 1307 solum
812 1262 882 1307 non
918 1238 1112 1328 neglexerit,

145 1365 220 1451 sed,
244 1387 328 1457 quae
349 1360 391 1431 de
417 1358 561 1454 Physicis
584 1357 752 1444 disseruit,
776 1358 869 1450 qussi
895 1362 929 1428 ἐν
948 1360 1111 1448 παραδείγ-

143 1486 337 1572 paroeciales
363 1479 583 1574 praerniserit,
620 1494 659 1545 ut
689 1476 733 1544 sd
768 1500 872 1546 mores
903 1494 937 1559 et
963 1477 1111 1572 Rumpu-

142 1601 263 1672 hlicum
284 1602 427 1694 perseius
454 1596 626 1668 accederet
648 1595 716 1687 (l):
742 1594 830 1664 uude
856 1596 1045 1689 cxplIestur
1066 1598 1112 1666 si·

143 1720 212 1792 mul
238 1720 322 1805 hoc,
346 1718 439 1812 quod
467 1716 673 1809 disciplinam
699 1712 853 1815 muralem
876 1738 953 1784 cum
979 1716 1113 1808 princi·

141 1841 205 1933 piis
232 1836 435 1905 naturalibus
472 1836 677 1924 conjunxisse
714 1832 854 1905 videtur.
918 1834 1119 1904 Gravissima

141 1954 296 2026 Heracliti
338 1957 496 2025 sententie
535 1970 733 2022 memoratur
782 1951 872 2045 apud
918 1952 1119 2041 stobaeum„

143 2094 280 2146 >tamnes
310 2074 395 2162 leges
428 2074 585 2141 humanas
612 2075 679 2144 vim
705 2095 797 2140 suam
824 2073 970 2165 accipere
1001 2098 1020 2140 a
1049 2075 1114 2144 Di·

141 2196 236 2280 vina,
273 2218 357 2286 quse
394 2193 543 2262 omuibus
580 2193 700 2261 sufficit
732 2208 767 2260 et
801 2192 909 2259 omnia
934 2195 1121 2286 superat'',

140 2288 245 2407 quae,
268 2329 307 2381 ut
329 2328 417 2380 recte
440 2309 659 2399 intelligutur,
683 2311 818 2379 Divinae
841 2310 934 2399 Legis
962 2313 1058 2397 notio
1076 2338 1120 2383 ex

140 2428 331 2524 Philosophi
371 2449 480 2499 mente
519 2432 603 2499 hene
644 2429 836 2522 accipienda
874 2447 934 2501 est.
990 2430 1119 2509 Omnia

141 2551 253 2621 statuit
294 2548 558 2618 dissimilitudine
589 2567 624 2618 et
655 2548 803 2617 dissensu
829 2546 903 2616 fieri
930 2572 970 2618 uc
999 2553 1117 2620 conti-

142 2668 233 2737 nerir
266 2687 440 2761 propterea
467 2671 574 2754 enim,
607 2666 699 2761 quod
733 2692 785 2738 res
811 2666 978 2739 dissimiles
1014 2690 1122 2759 sunt,

138 2784 307 2856 relationes
347 2786 436 2854 inter
466 2811 518 2855 eas
546 2787 680 2855 existere
706 2805 862 2888 possunt,
895 2789 1018 2882 quihus
1056 2795 1117 2877 ni·

138 2905 261 2973 mirum
288 2905 429 2995 invicem
456 2907 493 2973 in
520 2904 722 2975 harmoniam
750 2904 855 2994 redigi
891 2925 1023 3000 queunt
1053 2909 1118 3004 (2).

137 3025 207 3093 Lex
241 3025 359 3095 Divina
395 3023 625 3117 complectitur
660 3022 832 3110 relationes
866 3027 953 3095 inter
985 3051 1119 3107 numen

141 3143 213 3232 (scu
239 3145 379 3211 animam
404 3142 522 3211 mundi
544 3167 600 3212 seu
627 3144 737 3230 ignem
755 3144 883 3234 vocas),
905 3160 939 3213 et
959 3168 1011 3214 res
1035 3170 1115 3227 cse-

141 3274 227 3343 atas,
250 3277 284 3327 et
310 3278 437 3354 spectat
463 3260 544 3329 adeo
571 3261 751 3344 rationem,
784 3284 849 3353 qus
884 3259 958 3330 illae
985 3264 1117 3350 guber-

138 3394 271 3447 nantur.
329 3378 405 3470 Ipsa
431 3380 529 3448 etiarn
563 3377 819 3448 dissimilitudini
854 3379 1014 3455 debetura
1047 3385 1121 3455 nisi

230 3577 582 3643 δικαιοσύνην.........
608 3578 752 3635 ποιοῦντες
773 3574 897 3636 ἑκουσίως
926 3575 975 3628 διὸ
997 3577 1049 3631 τὸν
1070 3578 1122 3632 26·

230 3680 295 3728 γον,
319 3649 337 3729 ᾖ
360 3660 425 3729 φησὶ
449 3658 634 3731 Ξενοκράτης,
654 3660 671 3711 li
688 3663 739 3713 νῦν
757 3659 870 3720 ἄκοντες
888 3658 936 3714 διὰ
956 3660 1006 3712 τὸν
1023 3660 1122 3725 νόμον.

172 3742 213 3812 (1)
234 3741 315 3813 Diog.
348 3741 444 3796 leciri.
480 3740 532 3796 IX·
568 3743 617 3811 12,
655 3746 697 3800 II·
749 3744 792 3800 CI.
824 3745 932 3800 Fabrlc.
966 3745 1000 3801 nd
1045 3743 1125 3802 Sul.

230 3824 471 3897 Empir.v11.7.
909 3890 911 3896 ,

168 3906 211 3981 (2)
232 3909 344 3964 Aristot.
372 3905 479 3964 Nicon.
504 3907 589 3964 VIII.
615 3910 640 3963 2.
659 3908 756 3982 ·Dlog.
777 3908 870 3967 lustru.
891 3908 943 3967 IX·
968 3909 1003 3978 7,
1029 3911 1065 3979 8,
1094 3912 1124 3967 9.

120 3984 125 3996 ¹
230 3992 365 4054 Plutarch.
385 3994 417 4058 dt
437 3992 507 4055 Iride
525 4002 550 4053 at
568 3994 642 4054 onir.
662 4015 689 4066 p.
709 3997 769 4053 369.
792 3994 903 4053 Deerat.
923 3990 1027 4052 Philon·
1048 3996 1073 4051 l.
1094 3998 1122 4051 3.
