2520 4672
563 335 605 398 39

102 522 227 621 uulgari
260 537 430 605 hominnm
466 526 576 625 generi
611 541 709 607 vetita
751 539 809 629 (l).
869 540 921 607 Sic
948 565 1067 633 parum

100 654 230 722 exculta
257 657 425 723 hominum
459 681 550 725 mens
586 659 651 725 sive
678 684 697 723 a
736 657 907 745 religione,
947 662 1012 729 sive
1048 688 1067 727 a
1104 654 1107 659 ⁸

100 775 211 841 sociali
231 777 313 842 vitae
335 801 469 862 genere,
492 778 556 845 sive
585 778 625 843 ab
653 777 781 868 imperii
806 777 927 862 formu,
955 780 1019 847 sive
1048 807 1067 846 a

98 917 299 983 quocunqne
336 915 517 979 momento,
560 921 627 988 quo
667 895 864 989 impellitur,
900 899 1067 988 opiniones

10 1091 14 1099 ⁸
99 1012 164 1077 sihi
204 1012 338 1078 obtrudi
368 1015 492 1104 patitur
536 1039 620 1104 quae
655 1040 730 1082 eum
771 1013 928 1103 generali,
966 1039 1066 1104 quam

98 1132 168 1216 jam
188 1131 335 1222 aceepit,
358 1134 489 1199 notione
511 1152 678 1223 pugnant,
706 1150 739 1199 et
766 1134 942 1201 contrarias
968 1132 1066 1199 simul

98 1272 197 1339 saepe
223 1244 353 1316 retinet.
398 1251 462 1316 Per
491 1226 654 1318 se'tamen
680 1268 770 1343 patet
796 1276 895 1343 penes
922 1248 1063 1336 singulos

99 1366 248 1433 homines
276 1370 482 1458 primariam,
520 1393 619 1460 qnam
658 1369 817 1453 diximus,
849 1370 928 1457 justi
954 1370 1064 1436 notio·
1129 1354 1131 1359 ¹

96 1511 177 1554 nem
194 1488 290 1556 variis
310 1488 491 1554 istiusmodi
515 1490 616 1556 causis
637 1488 785 1556 funditus
808 1485 903 1554 fuisse
919 1488 1065 1555 exstinc-

98 1623 186 1687 tam,
223 1603 328 1672 donee
355 1604 487 1673 fortasse
513 1608 579 1675 sive
608 1607 776 1674 constituti
804 1607 883 1692 juris
911 1607 1065 1687 mutatio,

99 1741 138 1789 ut
177 1722 267 1814 apud
299 1724 528 1809 Athenienses,
564 1726 629 1792 sive
662 1723 936 1815 Philosophorum
962 1721 1065 1789 disei-

97 1839 189 1928 plina
224 1866 294 1908 eam
321 1843 515 1910 restitueret.
559 1842 765 1933 Inaequalem
793 1842 874 1928 juris
903 1840 1064 1907 distribu-

96 1963 222 2027 tionem
258 1950 355 2052 apud¹
384 1963 460 2027 istos
496 1965 684 2052 praesertim
719 1960 856 2053 populos
889 1961 975 2028 varia
1001 1960 1066 2026 ho-

95 2080 228 2145 minum
251 2077 396 2146 conditio
414 2080 537 2164 effecit,
561 2080 650 2172 apud
671 2105 752 2172 quos
776 2081 812 2146 in
836 2097 940 2146 certos
964 2102 1066 2170 quos-
1108 2094 1119 2115 ·

97 2197 179 2264 dam
207 2197 336 2264 ordines
364 2200 435 2290 ipsa
468 2202 551 2286 Lege
587 2218 734 2266 accurate
761 2197 942 2289 descriptos
973 2196 1069 2265 divisi

96 2333 217 2400 erant,
248 2308 424 2410 Aegyptios
448 2341 476 2386 v.
506 2343 553 2401 o.,
597 2318 695 2385 Indos
724 2336 785 2386 eet.
831 2316 886 2384 Ad
914 2340 983 2408 quo
997 2296 1067 2382 'su-

95 2438 262 2528 periorem
295 2435 444 2504 Indioam
470 2454 590 2504 castam
616 2435 780 2505 maleficus
811 2438 990 2528 pertineat,
1027 2459 1066 2502 eo

95 2557 241 2644 gmviori
277 2554 398 2622 mulcta
433 2556 586 2649 punitur,
622 2556 780 2621 Braminis
809 2554 971 2645 exeeptis,
1009 2552 1091 2645 qni

61 2763 64 2769 Ι
95 2695 134 2744 et
161 2678 225 2768 ipsi
257 2674 414 2743 levissime
448 2677 652 2766 puniuntur,
689 2698 838 2766 quosque
866 2673 941 2763 qui
961 2667 1072 2738 offen·

91 2796 188 2864 derit
208 2796 390 2883 granssime
410 2793 567 2886 plectitur
589 2792 602 2882 (
625 2794 647 2883 ).

522 3023 569 3134 ξ,
601 3029 642 3106 3,
705 3046 709 3053 ·

144 3267 279 3357 Imperii
313 3265 433 3350 forma,
459 3278 537 3357 'qna
562 3265 676 3356 primis
705 3261 903 3353 temporibus
929 3278 1067 3354 propter

91 3384 263 3470 neligionis
284 3384 450 3452 vinculum
475 3403 509 3453 et
529 3386 633 3471 regiae
656 3383 821 3474 potestatis
843 3381 1066 3449 auctoritatem

89 3502 217 3600 populi
256 3529 323 3570 non
363 3503 502 3572 multum
542 3503 753 3585 differebant,
789 3502 935 3591 primum
974 3497 1064 3588 apud

126 3763 172 3832 (l)
192 3760 239 3812 cf.
256 3757 452 3826 Wtehsmuth,
472 3779 499 3826 p.
518 3760 562 3812 23.
638 3759 640 3763 ⁴

125 3847 170 3917 (2)
192 3843 328 3898 V.an
351 3845 431 3916 Legg.
447 3844 533 3900 vul.
548 3845 609 3897 838.
630 3844 676 3895 cit.
698 3841 776 3893 Heer.
800 3838 883 3890 [dein
901 3854 969 3891 vers.
994 3833 1066 3904 Belg.

189 3928 223 3980 Τ.
241 3928 281 3981 ΙΙ.
294 3947 323 3996 p.
340 3930 411 3981 381..
435 3929 478 3981 Cf.
505 3928 537 3980 F.
555 3927 668 3994 Koppen
685 3918 859 3976 Rechtslehre
873 3917 943 3972 nach
962 3919 1066 3973 Platon.

194 4012 394 4066 Grundsitzen.
428 4011 521 4079 Leipz.
541 4010 616 4061 1819.
635 4027 662 4075 p.
682 4008 741 4057 136.
