2520 4672
596 311 654 377 105
708 306 710 312 ’

136 522 234 608 justi,
259 519 351 609 quod
376 518 537 602 habetur,
560 476 714 587 duxeiint
743 520 892 603 initium,
922 520 1097 590 facile-in·

103 622 106 634 ¹
139 637 274 706 tellectu
301 639 382 720 erit,
406 637 488 728 quid
515 639 581 728 ipsi
595 639 744 724 justum,
768 663 823 706 seu
844 641 951 730 potius
979 641 1097 710 dicen-

137 757 221 825 dum
241 774 289 824 est
315 781 446 841 verum,
476 756 710 840 iudicaverint:
734 782 851 848 nempe
867 755 1012 827 doctioris
1031 762 1099 827 im·

138 878 271 968 perium
306 894 423 943 natura
457 877 609 967 probari3
639 877 790 967 sapientis
824 877 920 962 igitur
947 901 1012 944 csse
1035 879 1098 944 ob-

139 1007 320 1086 temperare
353 993 605 1086 cupiditatibus,
636 1013 669 1062 et
704 1019 778 1061 cum
805 994 867 1062 hac
897 996 933 1060 in
963 1019 998 1063 re
1025 1020 1100 1065 vera

139 1110 275 1180 felicitas
302 1114 343 1180 sit
370 1105 543 1205 collocata,
566 1111 628 1179 illis
656 1111 761 1180 laxare
790 1114 949 1204 habenas,
973 1130 1010 1180 ut
1034 1116 1099 1181 im·

140 1231 273 1324 plendis
298 1258 396 1323 quam
423 1231 777 1339 selenomantiae.

187 1471 301 1536 Tertio
327 1467 399 1536 loco
423 1493 514 1538 nunc
535 1468 718 1554 videamus,
741 1487 900 1560 qnatenus
921 1496 939 1538 e
962 1470 1101 1561 Sophis-
1170 1524 1174 1567 3

137 1607 250 1656 tarum
286 1586 558 1678 disputationibus
595 1591 684 1656 notio
713 1591 793 1676 justi
822 1588 872 1655 vel
906 1587 1019 1655 melior
1052 1587 1104 1657 vel

137 1706 284 1775 deterior
304 1696 478 1791 exstiterit,
504 1724 573 1773 tum
601 1705 691 1798 quod
720 1707 833 1774 attinet
863 1706 904 1772 ad
931 1682 1104 1797 publicum

138 1827 344 1893 Graecorum
369 1825 554 1911 ingenium,
587 1841 657 1892 tum
686 1826 728 1892 ad
756 1826 978 1892 tractationem
1004 1825 1103 1913 hujus

136 1941 329 2035 disciplinae
355 1943 483 2010 moralis
506 1945 608 2035 partis
628 1946 663 2009 in
686 1943 803 2013 scholis
819 1943 1103 2035 Philosophorum.

137 2061 201 2127 Est
226 2084 337 2127 rursus
371 2059 637 2149 distinguendum
676 2066 761 2130 inter
795 2063 928 2131 dicendi
962 2063 1102 2132 faculta-

139 2197 227 2261 tem,
272 2201 371 2269 quam
408 2178 550 2247 civilium
586 2205 695 2247 rerum
730 2183 802 2273 usui
838 2181 1037 2274 adaptabant
1071 2201 1106 2251 et

137 2276 261 2389 placita
289 2296 330 2365 de
357 2321 412 2380 eo,
436 2298 528 2388 quod
551 2302 675 2385 justum
700 2317 756 2367 est.
801 2301 941 2368 Dicendi
970 2301 1024 2368 illa
1048 2301 1103 2377 sa·
1183 2311 1196 2340 f

138 2415 245 2485 cultas
272 2417 308 2483 in
340 2414 567 2507 Philosophiae
597 2417 742 2487 studium
772 2421 917 2506 exiguam
931 2440 999 2489 ¹aut
1023 2422 1102 2488 nul-
1212 2406 1215 2414 ⁴

137 2534 223 2618 lam,
254 2536 305 2610 in,
326 2535 487 2602 civitatem
522 2560 597 2605 vcro
623 2539 791 2604 maximam
818 2539 933 2606 habuit
960 2542 1101 2610 efficaci-

138 2669 251 2722 tatem.
296 2631 458 2722 Promovit
477 2657 582 2739 enim,
605 2657 762 2749 imprimis
784 2658 940 2744 Athenis,
963 2659 1100 2752 Sophis-

139 2790 251 2840 tarum
280 2771 471 2865 disciplinae
504 2776 567 2875 nisi
600 2794 727 2860 matre,
765 2779 891 2845 nutrice
928 2796 1037 2847 tamen
1071 2800 1103 2850 et

139 2888 278 2973 altrice,
309 2916 496 2982 perversum
522 2891 604 2960 illud
627 2895 767 2980 cujusvis
789 2895 913 2963 ordinis
934 2899 1105 2967 hominum
1191 2970 1194 2981 ,

138 3013 179 3087 in
205 3009 441 3101 rempublicam
467 3037 502 3110 se
524 3013 727 3081 immiscendi
750 3013 914 3099 studium,
938 3017 1030 3108 quod
1051 3017 1102 3086 le-

139 3154 195 3219 ges
224 3128 391 3221 paullatim
417 3133 603 3201 immutatae
631 3150 663 3201 et
690 3132 877 3201 seditiosum
901 3133 1105 3204 deliberandi

140 3273 242 3336 genus
282 3254 348 3336 jam
388 3253 483 3317 nimis
522 3251 687 3335 foverant,
723 3271 837 3345 estque
875 3255 938 3322 hoc
974 3258 1105 3334 nomine
1166 3243 1169 3248 ’

140 3370 179 3435 in
221 3370 375 3459 proximis
422 3374 522 3436 causis
563 3370 739 3454 habenda,
779 3397 861 3463 quae
904 3374 983 3442 huic
1019 3377 1102 3444 civi-

141 3490 202 3554 tati
236 3491 414 3579 perniciem
447 3490 592 3559 attulere.
652 3492 720 3558 Hac
764 3509 871 3558 tamen
908 3511 993 3576 arte,
1038 3518 1104 3583 qua

140 3610 353 3700 praecipuam
387 3609 505 3678 famam
541 3612 705 3678 consecuti
740 3629 850 3694 erant,
887 3611 1029 3678 concidit
1055 3612 1102 3677 si-

139 3726 213 3792 mul
252 3719 477 3818 Sophistarum
523 3731 712 3814 auctoritas,
751 3755 825 3797 cum
858 3747 924 3794 tam
958 3731 1104 3820 ipsorum

142 3870 243 3935 quam
279 3845 513 3940 discipulorum
552 3826 734 3942 exemplum
770 3849 945 3939 probaret,
981 3849 1016 3915 in
1051 3851 1102 3918 ci-

141 3963 200 4031 vili
241 3963 425 4057 eloquentia
467 3988 627 4060 quantum
665 3971 705 4036 ab
747 3993 806 4035 usu
848 3970 988 4039 Theoria
1033 3969 1131 4059 dis-v
