2520 4672
472 326 492 380 .·
597 350 659 416 293

145 573 212 624 tem
236 559 392 648 proponit
413 575 570 646 tanquam
591 561 745 644 majorem
766 558 949 638 hominem:
973 578 1010 626 ut
1035 566 1107 628 cui-
1201 637 1202 640 Ἴ

145 700 211 765 que
232 676 357 740 homini
377 676 452 740 linis
474 693 523 741 est
549 676 733 760 beatitudo,
756 677 799 743 ad
823 673 960 746 eandem
982 703 1109 746 necesse

146 811 197 859 est
224 795 334 860 civitas
372 792 484 859 tendat
517 793 586 883 (ηε
612 818 716 885 quum
742 813 848 862 autem
870 780 1140 880 hominiflnulla'

144 911 313 978 beatitudo
340 912 463 1002 absque
491 915 608 980 virtute
637 915 806 996 consistat,
830 913 873 978 ad
895 914 1030 982 candem
1057 916 1108 981 ci-

144 1031 235 1099 vitati
258 1029 510 1120 comparandam
532 1030 719 1098 Aristotcles
743 1031 879 1096 adsidue
901 1040 1012 1098 monet
1034 1056 1108 1109 ome

129 1158 220 1216 'nem
245 1145 418 1234 legislatori
445 1172 512 1214 esse
540 1174 672 1239 operam
697 1148 949 1238 impendendam
966 1150 1027 1238 (2).
1087 1151 1105 1209 Ξε

188 1268 364 1356 Postquam
396 1267 531 1333 civitatis
566 1268 657 1333 initia
694 1285 915 1356 perscrutatus
945 1284 1033 1349 erat,
1069 1266 1110 1335 de

143 1389 232 1474 justo
258 1388 327 1470 ejus
354 1383 572 1450 moderamine
600 1385 857 1475 ‘disputationem
882 1387 1040 1468 instituit,
1076 1403 1137 1451 et¹
1188 1382 1190 1386 ὗ
1252 1371 1254 1376 ’

145 1507 253 1597 primo
279 1485 356 1570 loeo
370 1514 453 1569 'cum
474 1502 766 1594 philosophorum,
797 1489 868 1569 tum
893 1501 1111 1589 legislatorum

144 1623 278 1690 consilia
301 1623 530 1714 persequitur,
562 1621 664 1690 multa
690 1624 892 1711 ubicumque
920 1622 1110 1702 observans,

144 1765 228 1830 quae
251 1764 357 1830 neque
381 1759 492 1806 nostro
512 1760 657 1832 tempore
679 1764 917 1832 supervacanea
938 1740 1111 1805 existimari

143 1876 323 1925 merentur.
336 1859 483 1947 Quando
495 1857 537 1924 ad
550 1863 698 1951 proprias
706 1884 779 1925 suas
787 1834 1110 1951 opiniones‘accedit,

144 1980 206 2049 sibi
229 1976 341 2069 'placet
359 1962 544 2069 saepissime
565 1981 608 2042 in*
623 1949 1109 2049 commemorandotmedietalis

143 2072 310 2189 principio
336 2115 369 2162 et
393 2095 605 2179 ostentando,
634 2099 729 2162 etiam
757 2120 842 2162 cum*
860 2097 1047 2186 quaestione
1064 2093 1142 2169 dc

143 2213 313 2306 republica
340 2217 607 2306 quamproxime
633 2214 716 2280 illud
745 2219 959 2300 wnjnnctum
986 2215 1028 2278 sit
1051 2213 1111 2305 (3).

144 2333 246 2424 Quod
281 2335 444 2400 neminem
476 2335 667 2425 pepigisset,
689 2332 824 2414 credo,
856 2333 884 2397 si
899 2315 1020 2398 sinisset
1047 2331 1112 2399 hoe

143 2452 370 2538 loco‘omnino
396 2454 668 2543 praetermissum
713 2453 772 2516 Est
797 2452 885 2516 enim
908 2474 978 2515 non
1003 2451 1112 2535 magui
1182 2458 1189 2471 '

144 2596 241 2659 usus3
272 2596 382 2662 neque
409 2573 478 2661 ipse
506 2569 642 2660 quidem
668 2558 860 2637 Aristoteles·
881 2569 927 2634 in<
943 2569 1108 2658 quaestio?-

143 2692 240 2756 nibus
268 2691 466 2776 gravioribus
493 2687 541 2752 illi
567 2687 730 2773 judicium
753 2712 850 2753 saum
872 2686 1065 2753 submittit..·
1097 2706 1105 2750 t
1185 2704 1191 2716 ‘

186 2812 245 2876 Est
272 2809 360 2875 aliud
384 2798 605 2899 principium,
630 2806 720 2896 quod
741 2810 875 2891 majores
898 2803 974 2874 tulit
996 2801 1109 2894 philo*¹

143 2929 260 3020 sopho
284 2927 430 3008 fructus,
469 2951 620 3017 quoque,
664 2944 701 2991 nt
728 2924 884 3007 vidimus,
927 2928 993 3010 jam
1034 2947 1110 2988 usus
1159 2976 1162 2989 .

144 3039 224 3114 erat
252 3048 287 3111 in
321 3046 478 3111 societatis
518 3044 696 3129 originibus
737 3033 936 3107 enarrandis,
990 3038 1111 3107 Statuit

136 3165 283 3248 scilicet,
305 3189 418 3229 rursus
445 3165 583 3247 vestigiis
605 3160 760 3228 incedens
774 3159 936 3243 Platonis,
956 3161 1019 3254 qui
1046 3158 1110 3225 hoc

137 3275 355 3349 “laudamento
390 3299 422 3348 ct
457 3283 663 3347 exstruxerat·
695 3282 917 3350 civitatemet
936 3278 1110 3377 ,hominem

142 3402 184 3468 ad
219 3403 375 3469 virtutem
405 3384 608 3483 instituerat,
638 3401 708 3490 ipsa
745 3417 880 3466 naturae
914 3397 987 3494 lege
1008 3386 1108 3488 prae-

144 3522 228 3615 cipi,
245 3538 287 3619 [ιιι
319 3518 409 3610 quod
436 3517 548 3584 melius
571 3536 635 3603 est,
656 3522 814 3610 imperet,
839 3517 929 3609 qu'od
951 3516 1106 3599 inferius,

140 3655 264 3732 pareat.
309 3640 358 3704 Er
379 3638 443 3705 hoc
464 3656 598 3705 naturae
619 3637 752 3706 decreto
775 3663 843 3704 non
865 3634 967 3704 solum
988 3634 1104 3726 dispu-

140 3778 512 3801 μισ-ι*

172 3853 214 3921 (1)
237 3852 320 3903 Arist.
339 3851 420 3904 Polit.
440 3849 509 3902 VII.
529 3851 572 3901 13.
590 3851 652 3912 tto.
670 3847 773 3901 C.-E.

152 3934 214 4011 ἣ(2)
234 3933 278 3985 cf.
296 3951 322 3988 v.
341 3948 366 3985 c·
384 3932 466 3985 Pollt.
486 3930 555 3984 vll.
574 3933 599 3983 1.
617 3932 679 3982 425.
698 3930 732 3983 Ε.
751 3933 812 3984 426.
831 3932 864 3983 Α.

178 4017 220 4085 (a)
239 4016 283 4071 cf.
301 4034 327 4074 v.
347 4032 376 4069 ι.
390 4014 473 4073 Pola.
492 4013 544 4070 1v.
563 4015 605 4066 11.
625 4017 685 4068 ars.
703 4032 743 4084 sq.
