2520 4672
519 370 526 380 '
625 368 644 430 3

138 596 193 641 sae
220 573 269 638 rci
299 573 519 660 tractationis,
554 597 664 665 neque
693 596 842 666 unquam
867 575 930 643 sibi
958 573 1111 668 discipli-

104 698 109 707 '
137 716 216 759 uam
243 690 433 763 rationalem
460 693 704 778 excogitarunt,
735 697 829 780 cujus
857 711 1030 786 praecepta
1056 694 1114 762 di-

143 835 237 881 versa
269 829 304 878 et
335 836 412 881 vero
449 815 611 880 contraria
639 837 705 880 essa
732 814 859 904 possint
887 837 1028 881 summae
1055 812 1119 900 legi

138 931 265 1002 morali.
318 933 444 1000 Verum
479 950 589 1000 tamen
625 933 685 1024 qui
721 951 898 1024 propterea
923 932 988 1000 hoc
1015 957 1114 1020 argu-

136 1070 288 1121 mentum
322 1069 478 1143 putaret
475 1053 532 1119 ab
573 1051 636 1118 illis
672 1077 738 1121 esse
774 1076 907 1144 prorsus
943 1053 1115 1139 omissum,

138 1172 369 1254 vehementer,
393 1172 530 1262 opinor,
554 1189 686 1240 erraret.
765 1240 768 1252 ‚

181 1289 358 1374 Nondum,
383 1289 475 1382 quod
502 1292 588 1375 seio,
611 1292 663 1360 vir
690 1290 805 1359 doctus
833 1290 951 1382 aliquia
972 1293 1114 1376 exstitit,
1147 1336 1150 1341 -

138 1410 202 1501 qui
234 1407 312 1476 data
340 1434 439 1500 opera
467 1427 613 1478 veterum
644 1409 916 1501 philosophorum
942 1412 1116 1483 sententias

138 1527 185 1594 de
213 1528 302 1614 justo
328 1527 514 1613 colligeret,
538 1546 733 1619 exponeret,
753 1527 965 1615 dijudicaret.
1010 1531 1051 1599 In
1075 1532 1114 1603 iis

139 1645 279 1738 quidem
298 1649 429 1738 seriptis
452 1650 621 1730 omnibus,
647 1672 731 1738 quae
758 1649 873 1716 veteris
890 1648 1117 1738 philosophiae
1226 1640 1229 1645 ¹

137 1765 312 1837 historiam
339 1765 602 1857 amplectuntur,
634 1767 694 1833 ubi
722 1765 763 1832 ad
792 1765 977 1838 doctrinam
992 1771 1117 1855 cujus-

116 1908 209 1977 -qua
241 1882 411 1957 moralem,
428 1890 623 1976 perventum
658 1902 727 1969 est,
749 1885 902 1972 justitia,
933 1912 950 1954 e
978 1905 1121 1978 quatuor

142 2029 209 2075 una
231 2005 363 2072 virtutis
388 2005 556 2097 partibus,
587 2003 648 2092 (est
675 2025 793 2096 nempe
821 2004 902 2072 haec
933 2004 1122 2081 distributio

143 2124 276 2195 virtutis
301 2123 445 2191 tenebris
469 2122 621 2192 obvoluta
640 2101 869 2194 remotissimae
877 2125 1121 2219 antiquitatis),

144 2235 302 2316 landatur
329 2259 363 2309 et
394 2243 518 2328 officia,
556 2268 640 2334 quae
677 2245 945 2334 praescribantur
980 2244 1021 2309 ab
1052 2244 1125 2334 ipsa
1152 2279 1158 2291 ·

147 2368 390 2444 memorantur,
414 2380 447 2430 et
471 2343 665 2432 ¹indicantur
687 2380 884 2454 praecepta,
909 2363 1030 2453 quibus
1052 2385 1125 2438 eam

148 2479 425 2552 ammendaaine
451 2480 584 2578 ‘Atqui
606 2479 672 2547 hoc
695 2482 769 2547 satis
792 2499 858 2566 cst,
883 2480 973 2555 dicat
989 2479 1125 2551 fortasse

148 2590 283 2692 aliquis:
302 2603 423 2690 'quum
458 2592 548 2666 enini
586 2602 766 2692 antiquitus
804 2604 928 2684 omnia,
967 2624 1050 2692 quae
1082 2599 1125 2668 ad

147 2721 307 2808 iustitiam
331 2737 364 2787 et
391 2718 604 2789 immutabilia
627 2720 708 2806 juris'
731 2720 898 2812 principia
918 2737 1124 2810 spectarent,
1226 2808 1230 2817 .

151 2864 215 2914 aaa
237 2863 343 2930 eaque
374 2838 520 2927 ampliori
547 2842 675 2912 virtutis
702 2842 834 2911 notione
863 2840 1126 2934 comprehende-

153 2977 282 3044 rentur,
306 2959 426 3027 Ethict
450 2963 588 3032 auctoris
612 2960 765 3029 doctrina
793 2960 988 3056 perspecti,
1021 2958 1128 3050 qualis

97 3116 103 3124 ·
157 3077 229 3152 luae
254 3083 326 3167 ejus
353 3103 429 3170 pars
459 3080 517 3162 sit,
543 3097 659 3170 sponte
680 3077 873 3164 intelligitur
880 3107 891 3164 3
925 3079 952 3144 si
980 3078 1045 3147 hoc
1072 3102 1127 3145 sa-

97 3188 101 3195 *
161 3199 216 3269 ml
235 3200 298 3269 riae
330 3215 477 3283 constat,
508 3173 671 3268 veteribus
699 3198 897 3284 incognitam
922 3195 1018 3263 fuisse
1045 3198 1129 3283 juris

97 3342 100 3353 ’
166 3318 305 3389 naturalia
320 3354 323 3362 ·
337 3301 564 3410 disciplinam,
597 3317 825 3410 quaerendum
851 3335 900 3402 est
926 3314 1129 3384 solummodo

97 3435 99 3549 j
172 3432 203 3506 le
218 3441 349 3513 Ethices
372 3439 563 3530 principiis.
590 3463 673 3529 quae
696 3438 821 3525 justitia
843 3438 901 3520 sit,
934 3458 1018 3526 quae
1041 3459 1127 3525 pru-

172 3551 279 3645 baua,
312 3586 399 3651 quae
434 3558 613 3643 fortitudo,
650 3583 735 3650 quae
771 3557 1004 3648 temperantia,
1035 3550 1130 3623 facile

97 3580 113 3815 l
174 3660 372 3772 perspicitur,
405 3705 443 3747 eo
464 3681 581 3765 magis,
613 3704 718 3770 quum
746 3679 809 3764 boc
838 3672 1026 3765 antiquitati
1054 3696 1131 3743 eum

97 3818 101 3859 Ι
168 3803 328 3870 amatori
363 3824 438 3871 aevo
470 3824 641 3869 commune
676 3801 739 3884 sit,
775 3769 887 3889 quod,
920 3793 1131 3883 quantumvis

97 3964 99 3977 ι
176 3906 221 3985 lt.
234 3920 451 3990 fundamento
480 3921 670 4014 discrepent
701 3916 964 4008 disciplinarum,
979 3911 1130 4003 philote-
1229 3940 1231 3944 “

97 4110 100 4119 .
177 4029 240 4128 illa·
255 4041 305 4112 da
325 4040 459 4130 singulis
485 4067 600 4115 aarum
620 4041 808 4135 legibusac
826 4035 1015 4131 praeceptis
1034 4050 1130 4118 cgra-
1169 4027 1173 4038 ’

97 4154 102 4181 ³
181 4150 218 4231 δὲ
235 4158 429 4253 conspirent.
980 4153 1022 4219 l*
1122 4183 1168 4193 ··

97 4276 109 4632 l
