2520 4672
532 267 722 362 ⁴71-

144 495 215 556 tam
253 500 370 568 parum
404 480 481 547 novi
500 550 505 556 ‚
521 497 555 547 et
594 479 730 561 insueti,
765 497 805 575 ut
833 481 927 545 istam
954 462 1112 567 tanq'umn

142 595 300 674 anhelat
338 598 508 688 propriam
548 622 645 669 nemo
666 670 672 681 ⁴
690 615 976 667 commemorasset.
1044 597 1111 665 Sed

147 714 357 800 cogitandum
386 733 435 786 est
469 716 599 791 Jonicos
627 717 839 808 Philosophos
867 735 1029 785 anteana
1056 702 1121 782 at?

151 833 256 918 tigisse
297 833 433 925 quidem
473 834 626 915 moralem
666 834 890 926 disciplinam,
934 853 967 902 et
1008 858 1112 924 quum

146 952 235 1025 hane
261 955 405 1045 primum
430 952 680 1044 amplecteretur
711 957 876 1041 ingenium
907 955 1108 1038 humanum,

47 1112 50 1117 Α
151 1073 424 1163 ῃοιιβιεροοῑετί
450 1096 543 1163 posse
571 1091 726 1163 systema,
764 1073 855 1164 quod
882 1074 1113 1139 conscientiam

148 1192 293 1255 omnium
319 1188 501 1273 adoriatur,
539 1212 650 1257 verum
677 1191 740 1257 boc
766 1194 834 1277 jam
863 1215 929 1257 esse
962 1189 1110 1280 aliquid,

146 1306 239 1396 quod
278 1306 452 1399 populares
492 1308 663 1398 opiniones
704 1311 827 1379 aeriter
867 1327 1109 1401 oppugnantur.

144 1424 272 1491 Eidem
297 1426 420 1493 ratione
443 1408 631 1518 sophistae,
656 1446 832 1520 antequam
858 1428 983 1496 nullam
1011 1454 1111 1521 pror-

145 1567 200 1609 sus
237 1561 360 1613 exstare
390 1547 554 1632 iustitiam
580 1546 824 1638 perhiberent,
860 1573 931 1615 eam
970 1534 1111 1634 legibus,

147 1664 268 1754 quibus
291 1665 488 1748 utebantur,
512 1664 701 1750 abjudicare
730 1667 837 1732 conati
863 1683 950 1733 sunt.
996 1668 1113 1734 Graeci

144 1782 256 1866 enim,
287 1780 375 1848 velut
403 1806 512 1849 omnes
539 1801 661 1851 veteres
684 1781 818 1874 populi,
855 1809 997 1876 quorum
1023 1786 1113 1853 Reli-

80 1961 81 1965 ,
146 1901 244 1987 gione
273 1899 359 1985 leges
385 1902 578 1971 constitutae
606 1921 662 1970 aut
698 1877 906 1985 confirmatae
936 1924 1049 1986 erant,
1078 1906 1116 1970 in

146 2020 231 2106 iuris
269 2017 425 2102 absoluti,
445 2017 556 2091 locum
590 2023 642 2106 jus
685 2023 897 2092 constitutum
931 1998 1116 2115 supponere

146 2138 201 2209 vel
227 2134 406 2230 utrumque
429 2157 514 2221 certe
536 2138 741 2208 confundere
763 2140 844 2207 adeo
864 2159 1114 2224 consueverant,

146 2275 207 2342 nt,
233 2259 295 2350 qui
321 2255 405 2343 leges
437 2282 548 2335 eorum
575 2259 819 2346 aggrederetur,
850 2259 1009 2359 naturales
1036 2264 1116 2349 justi
1198 2346 1204 2358 Δ

144 2378 303 2449 notiones¹
321 2375 443 2447 adoriri
466 2375 640 2445 videretur.
690 2378 844 2448 Archelai
875 2381 1003 2469 opinio,
1028 2406 1113 2471 qua·
1161 2414 1168 2424 ·

146 2495 215 2563 lem
241 2519 299 2573 nos
332 2493 559 2581 intelligimus,
596 2516 664 2564 non
693 2485 797 2563 soltirn
824 2523 907 2567 nova
942 2517 997 2567 aut
1029 2517 1114 2567 certe

146 2612 240 2681 haud
276 2616 455 2682 communis
491 2633 580 2699 erat,
617 2640 731 2685 verum
763 2617 827 2684 hoc
854 2637 999 2709 tempore
1027 2618 1115 2709 apud

143 2732 231 2825 polos
257 2711 389 2806 fortasse
422 2733 635 2826 ‘Athenienses
672 2739 812 2827 proponi
845 2753 992 2829 poterat,
1025 2738 1115 2829 apud

143 2879 233 2946 ¹quos
263 2843 447 2940 Religionis
472 2853 646 2922 vilescebat
676 2858 868 2938 auctoritas,
904 2880 1003 2925 novae
1031 2855 1115 2944 leges

143 2975 291 3064 antiquis
318 2999 412 3066 saepe
437 2974 719 3043 substituebantur
745 2992 778 3043 et
804 2975 1046 3040 florescentibus
1067 2975 1112 3043 li·
1201 3029 1210 3064 ¹.

115 3110 116 3114 ’
142 3095 236 3165 heris
262 3092 430 3165 literarum
448 3095 565 3162 studiis
589 3090 784 3169 inveteratae
812 3091 998 3160 traditiones
1021 3118 1111 3184 quo-

144 3211 229 3291 tidie
264 3214 331 3283 vim
364 3238 455 3281 suam
492 3200 692 3289 amittebant.
737 3212 978 3281 Lacaedemonc
1008 3238 1111 3303 quae-

135 3357 226 3403 ¹reus
267 3331 392 3423 aliquid
426 3334 462 3397 in
498 3330 626 3429 >legibus
668 3334 744 3402 cum
783 3357 908 3399 summo
942 3336 1014 3420 jure
1045 3358 1112 3400 non

136 3470 419 3536 consentaneum,
456 3453 556 3519 totius
591 3449 724 3543 populi
743 3451 1051 3520 animadversionem
1076 3453 1112 3517 in

140 3596 185 3641 se.
219 3573 439 3639 contraxisset.
498 3573 652 3639 Ceterum
686 3571 746 3638 diu
785 3573 884 3641 etiam
918 3588 991 3663 post
1026 3570 1111 3657 leges

141 3691 232 3762 visae
259 3708 335 3757 sunt
362 3689 536 3783 populares
563 3690 683 3759 referre
714 3694 793 3779 justi
819 3692 986 3774 notiones,
1023 3716 1108 3781 qua-

139 3789 284 3905 propter
310 3810 455 3904 Sceptici
496 3813 660 3881 variorum
694 3809 893 3903 populorum
934 3813 1007 3896 jura
1047 3811 1108 3876 sibi

140 3956 315 4027 opponere
342 3931 505 4020 solebant,
528 3950 566 4000 ut
593 3930 711 4003 naturai
734 3931 912 4021 probarent
939 3913 1109 3997 nihil'esse
