2520 4672
583 315 620 378 tl

111 521 196 589 dem
221 521 279 588 sed
306 523 433 590 Graeco
460 546 548 589 more
575 540 740 606 ornatam,
768 524 968 593 Graecorum
994 512 1080 596 uerte

113 641 284 726 ingenium
315 665 481 728 agnoscas:
518 641 583 708 hoc
610 640 723 708 saltem
754 642 958 710 memorabile
984 645 1078 739 vide7

112 776 192 842 tur,
224 758 425 827 Herodotum
451 758 558 826 solum
584 762 741 843 Omnem,
771 762 988 829 Democrstiae
1015 787 1077 853 pa·

113 897 269 962 tronum,
311 904 351 945 ex
384 881 526 966 justitiae
564 870 688 947 retione
716 878 924 947 disserentem
954 878 1079 965 faeere,
1142 926 1145 933 -

112 996 199 1065 dum
240 997 362 1088 reliqui
397 1022 579 1088 paucorum
614 997 665 1066 vel
701 999 796 1062 unius
831 998 1004 1089 imperium
1041 1024 1081 1066 ex

112 1115 184 1183 sola
210 1115 357 1183 utilitatis
383 1118 508 1185 ratione
536 1114 733 1202 defendant,
771 1117 834 1188 nisi
860 1142 965 1184 unum
989 1119 1080 1184 Darii

115 1253 345 1321 argumentum
360 1234 429 1325 (l),
451 1261 490 1303 ex
512 1234 666 1327 populari
692 1237 770 1322 justi
792 1236 925 1302 notione
945 1234 1079 1302 desum-

113 1370 233 1447 ptum,
270 1355 418 1446 excipere
446 1354 542 1438 velis,
579 1380 697 1448 nempe
725 1379 792 1422 non
818 1355 980 1441 integrum
1013 1380 1080 1423 esse

112 1476 262 1560 πιιτρίονς
288 1481 397 1556 νόμους
424 1476 505 1544 λύειν
533 1479 658 1562 ἔχοντας
687 1471 736 1558 εὖ,
767 1472 856 1564 quod
882 1476 917 1538 in
945 1491 1079 1541 eontra-

113 1594 200 1658 rium
220 1611 347 1683 partem
369 1594 409 1658 ab
427 1596 532 1659 Otene
546 1610 758 1684 usurpatum,
781 1591 886 1657 solum
898 1609 966 1674 est,
989 1591 1082 1681 quod

111 1712 150 1777 in
182 1710 281 1797 hujus
319 1710 539 1802 disputatione
575 1714 742 1778 Persicum
777 1710 916 1777 colorem
950 1707 1078 1776 referat.

111 1827 273 1920 Reliqua,
303 1854 333 1896 v.
363 1855 391 1896 c.
416 1831 507 1921 quod
527 1831 707 1898 Monaroha
729 1834 867 1918 ἀκρίτους
884 1833 994 1898 κτείνει
1011 1829 1079 1920 (2),

112 1972 227 2040 neque
255 1949 445 2038 βουλεύματα
466 1958 568 2018 πάντα
590 1956 619 2027 ἐς
646 1954 804 2018 τὸκοινόν
827 1952 986 2037 ἀναφέρει,
1017 1973 1079 2016 ne-

112 2090 183 2158 que
202 2073 376 2138 ὖπειίθννον
398 2071 493 2157 ἀρχὴν
515 2073 576 2156 ἔχει
599 2069 668 2159 (3),
699 2069 823 2136 Graeca
844 2084 921 2133 sunt
942 2085 976 2134 et
997 2091 1078 2157 pos-

112 2203 256 2252 tremum
283 2185 418 2277 quidem
441 2185 540 2270 adeo,
569 2205 606 2253 ut
631 2189 763 2253 nonnisi
788 2186 933 2254 homines
960 2184 1079 2252 liberae

115 2306 248 2396 imperii
287 2303 408 2372 formae
449 2308 565 2374 assueti
600 2305 684 2373 illud
720 2304 895 2393 intelligere
936 2321 1076 2397 possent.

112 2425 209 2491 Hune
231 2410 403 2508 ἷσοννμίαν,
428 2449 493 2514 qua

621 2585 638 2667 (ι’
659 2603 687 2668 τ’
708 2604 838 2684 ἀσθενὴς

224 2722 261 2788 ‘0
281 2720 420 2797 πλούσιος
439 2747 472 2786 τε
493 2726 549 2803 τὴν
571 2721 659 2806 δίκην
680 2723 747 2805 ἰ’σην
770 2724 829 2808 ἔχει
853 2719 902 2809 (4)

110 2918 314 2992 quantopere
350 2894 501 2989 inprimis
539 2895 752 2965 Athenienses
787 2899 824 2962 in
859 2920 916 2962 sua
950 2896 1076 2972 civitate

203 3260 282 3312 quam
306 3241 393 3292 minus
419 3247 490 3292 recte
517 3237 691 3292 Valckenuer.
720 3239 754 3289 ad
778 3238 878 3289 Herod.
901 3235 964 3288 h.1.
981 3238 1081 3288 incerta

202 3320 331 3395 loquendi
353 3327 466 3377 formula
487 3343 541 3378 esse
560 3332 712 3392 conceptum
725 3331 837 3375 statuere
856 3323 972 3376 videtur.
1008 3321 1080 3373 For-

200 3409 333 3460 mularum
350 3415 421 3460 certe
440 3408 574 3481 esempla,
592 3424 657 3474 quse
677 3423 709 3457 ex
725 3404 759 3456 L.
781 3405 832 3458 lv.
851 3405 883 3457 C.
901 3407 918 3456 5
933 3413 960 3456 et
975 3405 1018 3456 82.
1037 3404 1086 3454 el·-

202 3489 270 3559 leget
287 3492 331 3543 vir
348 3509 480 3556 summus,
500 3491 565 3544 alius
583 3488 682 3557 generis
700 3494 769 3539 sunt.
1097 3498 1100 3505 ’

136 3575 184 3645 (1)
205 3573 269 3643 Cap.
288 3577 331 3627 82.

137 3660 184 3728 (2)
205 3659 248 3711 cf.
266 3657 405 3712 Demosth.
426 3662 465 3730 (Ρ)
485 3658 562 3713 orat.
581 3660 614 3713 de
631 3658 738 3710 foedere
757 3658 834 3710 Alex.
852 3676 880 3724 p.
899 3658 958 3707 163.
976 3654 1009 3706 C.

137 3744 184 3811 (3)
204 3740 321 3794 Wessel.
347 3742 380 3792 ad
403 3741 431 3793 h.
454 3743 473 3795 l.
500 3740 596 3794 Aesch.
625 3744 697 3795 Pers.
722 3743 782 3793 213.
828 3739 909 3790 Arist.
931 3738 1012 3791 Polit.
1037 3737 1084 3790 Ilr

119 3868 122 3873 ,
201 3822 234 3875 C.
254 3826 295 3875 10.
314 3844 341 3892 p
363 3826 424 3877 333.
450 3816 487 3868 -Ᾱ
510 3824 542 3876 In
568 3827 626 3893 ipso
651 3826 725 3878 Jovis
746 3825 857 3892 imperio
882 3822 933 3876 hoc
957 3824 1082 3876 odiosum·
1142 3838 1152 3855 ·

199 3907 356 3981 putabatur„
388 3906 484 3961 Aesch.
503 3910 593 3961 Prom.
612 3907 649 3961 V.
667 3928 706 3965 vs.
726 3909 784 3960 332.
803 3946 806 3951 .

135 3989 182 4058 (4)
204 3986 298 4056 Eurip.
319 3987 416 4058 Suppl.
434 3991 494 4043 433.
513 4009 552 4059 sq.
