2520 4672
607 291 670 360 272

117 528 123 537 ’
148 508 276 572 cabant.
323 506 363 570 In
384 503 526 572 Platonis
548 505 748 596 Republica,
778 523 815 571 ut
840 528 940 597 supra
964 504 1113 593 vidimus,

144 628 269 713 justitia
295 643 328 692 et
355 627 457 692 virtus
485 625 674 692 indistincte
702 643 911 718 nuncupatae
937 646 1049 711 erant,
1078 652 1112 695 ac

145 746 173 810 si
194 728 278 809 'nihil
300 746 453 811 interesse
479 764 672 811 censeretur.
718 744 941 811 Offendehant
969 747 1048 813 haec
1072 745 1110 812 li-

144 866 263 930 matius
299 866 546 955 accuratiusque
578 863 758 930 Aristotelis
787 864 971 949 judicium,
1007 864 1108 956 quud,

146 1002 184 1050 ut
211 985 360 1049 omuibus
384 1001 499 1050 notum
529 1003 597 1065 est,
635 985 694 1074 qui
728 976 870 1074 aliquam
899 1010 977 1050 cum
1010 985 1108 1069 Stagi-

144 1105 224 1171 ritae
251 1106 387 1193 scriptis
420 1120 607 1169 contraxere
640 1102 908 1187 familiaritatem,
947 1106 1119 1190 aegerrime,

144 1225 330 1313 patiebatur
357 1224 416 1287 uni
440 1221 653 1313 appellandae
679 1224 727 1288 rei
755 1222 823 1289 duo
849 1225 985 1290 nomina
1009 1226 1104 1291 inscr-

144 1343 222 1408 vire.
268 1343 337 1408 Usu
370 1358 478 1406 tamen
509 1340 689 1426 generalior
720 1344 862 1429 justitiae
894 1346 987 1410 notio
1011 1348 1102 1429 majo·

144 1484 216 1528 rem
236 1462 272 1526 in
290 1459 497 1550 philosophia
520 1462 744 1527 auctoritatem
760 1463 994 1553 acquisiverat,
1018 1484 1100 1554 quun¹

71 1613 76 1621 ·
146 1599 185 1648 ut
206 1579 298 1646 facile
319 1581 423 1645 omitti
445 1597 563 1670 posset.
600 1580 748 1646 Retinuit
760 1582 859 1665 igitur
873 1598 1003 1664 noster,
1025 1580 1099 1645 atita

148 1698 284 1791 quidem
320 1697 514 1788 descripsit,
551 1717 588 1764 ut
625 1723 701 1764 cum
734 1697 920 1784 vulgaribus
950 1701 1016 1766 sive
1043 1699 1098 1765 vir·

145 1821 224 1884 tutis
260 1819 426 1884 universae
464 1819 529 1883 sive
566 1819 728 1903 justitiae,
766 1842 849 1909 quae
882 1843 959 1910 pars
989 1816 1098 1888 virtutis

145 1954 214 2016 est,
246 1938 433 2002 notionibus
461 1938 594 2002 minime
621 1954 729 2027 posset
756 1937 927 2005 confundi.

190 2054 296 2122 Simul
331 2073 428 2145 atquc
465 2055 651 2123 universalis
687 2058 829 2141 justitiae
860 2058 1037 2124 notionem-
1051 2056 1099 2121 tlt·

145 2171 301 2258 solverat,
334 2173 506 2240 studiosius
543 2174 776 2266 particularem
808 2175 1024 2268 philosophus
1054 2180 1100 2261 ig·

144 2292 309 2379 greditur,
349 2317 432 2386 quae
463 2297 561 2381 magis
588 2298 724 2387 proprio
750 2298 889 2364 nomine
909 2297 1032 2383 justitia
1053 2318 1101 2362 ro·

143 2429 247 2480 catur.
293 2413 369 2480 Non
404 2411 509 2478 solum
544 2415 632 2480 enim
666 2433 789 2481 exstare
824 2414 1039 2482 universalem
1064 2410 1099 2479 il·

141 2530 208 2597 lam
242 2556 282 2597 ex
319 2500 362 2598 ed
394 2548 550 2623 apparet,
594 2532 685 2623 quod
716 2532 838 2616 multa,
883 2518 1008 2624 quibus
1043 2533 1100 2623 quit
1143 2590 1145 2599 .

142 2651 262 2734 injuste
290 2666 361 2734 agat
388 2674 443 2715 seu
471 2649 568 2716 violet
595 2649 700 2737 leges,
724 2653 760 2716 in
782 2653 890 2743 specie
923 2652 992 2719 aliis
1018 2652 1101 2720 ritio·
1142 2726 1145 2765 i

141 2790 217 2832 rum
251 2768 437 2833 nominihus
470 2767 633 2855 designari
660 2768 803 2855 soleant,
837 2768 900 2837 alia
927 2794 1008 2839 veno
1031 2772 1099 2849 sint,
1142 2786 1145 2861 l

140 2875 226 2977 quae
245 2882 277 2952 ‘a
306 2885 399 2954 nullo
425 2887 569 2979 reliquae
599 2890 817 2982 improbitatis
844 2914 964 2976 genere
990 2888 1045 2959 sed
1065 2886 1099 2954 ab
1142 2864 1145 2935 l

140 3029 208 3071 uua
242 3006 367 3092 justitia
403 3007 621 3098 appellentur.
680 3007 715 3076 Si
748 3011 821 3100 quis
860 3033 891 3076 v.
924 3032 955 3096 g.
986 3006 1101 3075 adulte·
1140 3030 1145 3049 ⁴

140 3126 228 3188 rium
266 3126 464 3208 committat,
508 3125 558 3194 vel
598 3125 750 3218 clypeum
786 3129 822 3193 in
858 3131 928 3195 acie
964 3130 1101 3216 abjiciat,
1143 3124 1145 3137 '

141 3264 225 3331 quae
248 3239 372 3328 legibus
395 3247 494 3310 vetita
517 3263 613 3329 sunt,
641 3271 709 3313 non
736 3263 844 3313 tamen
867 3249 1033 3337 injustus,
1055 3244 1103 3317 sod

139 3346 361 3451 intemperans
401 3366 500 3450 magis
536 3364 588 3433 vel
624 3367 759 3452 ignavus
795 3391 862 3434 esse
898 3371 1104 3460 perhibetur:

139 3479 167 3544 si
206 3482 279 3569 quis
318 3498 426 3547 autem
455 3481 567 3549 cadem
604 3483 656 3571 vel
693 3482 754 3550 alia
790 3488 924 3576 quaevis
963 3506 1106 3580 quaestus

138 3595 286 3687 faciundi
322 3601 430 3665 animo
466 3603 666 3686 committat,
702 3603 817 3669 eximie
844 3604 1013 3693 injustitia
1042 3630 1107 3677 oer-

139 3716 232 3781 nitur
261 3715 320 3806 (l).
367 3719 426 3786 Est
452 3718 540 3786 istud
566 3719 653 3788 lucri
679 3721 845 3809 studium,
878 3750 950 3817 quo
977 3746 1051 3797 tm
1073 3726 1110 3794 ab

149 3894 504 3910 ῃ*-

174 3948 215 4045 (n
237 3978 319 4030 anst.
340 3978 446 4033 nicom.
465 3980 501 4035 v.
520 3983 547 4032 a.
565 3983 608 4034 so.
628 3981 659 4033 n.
677 3982 710 4035 c.
