2542 4672
553 314 614 377 253

85 516 607 613 liberalitatem‘ffiralevuspiar),
631 547 714 615 quae
734 546 861 614 semper
879 524 914 586 in
934 522 1070 589 nimium

84 644 305 737 accipiendo,
335 644 373 709 in
403 642 516 709 dando
551 660 659 709 autem
694 667 813 734 parum
842 658 1005 725 versatur,
1037 652 1070 708 et

85 763 358 857 prodigalitatem
379 763 558 854 (duorlar),
582 788 665 853 quae
695 764 858 829 contrario
884 765 963 829 vitio
986 787 1067 852 pec-

84 902 145 951 cat
181 883 250 975 (l)=
281 881 338 948 sed
376 906 537 974 quaenam
565 882 772 949 mediocritas
807 884 868 948 ista
903 883 962 964 sit,
1001 907 1070 948 non

86 1000 241 1069 absolute
261 1003 481 1095 pronunciare
503 1020 648 1093 oportet,
678 1028 754 1069 cum
776 995 963 1099 pendeatna
985 1027 1068 1070 con-

86 1121 238 1206 ditione,
276 1148 342 1213 qun
380 1120 498 1207 singuli
532 1121 677 1208 gaudent
717 1122 863 1188 homines
900 1094 939 1186 el
969 1122 1067 1186 rebus

84 1266 188 1331 saepe
217 1239 375 1324 fortuitis,
409 1243 531 1333 quibus
558 1239 612 1306 illa
640 1266 701 1306 usu
726 1244 836 1308 veniat
858 1241 916 1331 (2).
961 1241 1066 1307 Vocat

88 1378 270 1453 propterca
292 1358 482 1428 Aristoteles
502 1361 659 1427 virtutem
680 1385 749 1425 non
767 1363 916 1425 absolute
938 1357 1064 1426 medie-

85 1498 212 1561 tatem,
228 1478 287 1546 sed
301 1492 450 1565 μεσότητα
465 1476 560 1548 οὖσαν
579 1488 635 1564 τὴν
657 1487 751 1567 πρὸς
772 1457 872 1565 ήῑμᾶς
883 1478 961 1568 (3),
980 1505 1064 1570 quae

85 1602 381 1691 pro-temporum,
403 1623 514 1667 rerum
527 1618 752 1683 externarum,
768 1598 962 1667 conditionis
983 1624 1062 1666 nos-

84 1736 160 1784 trae
200 1719 352 1787 varietate
380 1742 593 1811 ,quocunqne
636 1744 711 1786 casu
750 1718 877 1785 diversa
912 1735 960 1784 est
1002 1717 1063 1807 (4).

83 1839 325 1928 Proponnnntr
343 1837 425 1904 hacc
446 1864 466 1902 a
486 1836 684 1930 philosopho
707 1840 874 1904 universae
892 1860 966 1902 suae
990 1835 1061 1902 dis-

84 1954 238 2047 ciplinae,
266 1956 516 2048 appositissime:
555 1958 614 2047 qui
640 1959 795 2023 nimirum
821 1959 856 2022 in
892 1957 1064 2049 principiis

82 2074 226 2142 Ethiccs·
245 2074 442 2143 evidentiam
456 2075 647 2143 ,desiderare
675 2102 707 2143 se
733 2050 895 2145 consessus
918 2078 979 2159 sit,
1004 2078 1065 2169 qui

82 2219 281 2287 numquam,
305 2194 396 2285 quod
423 2194 515 2261 Plato
542 2216 773 2288 praeceperat,
811 2197 853 2262 ad
875 2195 1060 2287 {perlectio-

82 2338 165 2381 nem
195 2313 346 2381 dncuerit
373 2312 579 2381 tendendum
604 2340 668 2381 esse
697 2316 1060 2411 humanamfsuperan-

82 2450 156 2499 tem
182 2449 351 2515 naturam,
375 2432 583 2523 qui.diserte
600 2434 765 2501 Socratem
788 2434 1059 2526 reprehenderit,

80 2548 179 2643 quod
194 2549 345 2625 eandem·
353 2552 431 2635 viri,
454 2551 614 2638 mulieris,
643 2553 839 2636 liberorum,
863 2555 962 2622 verbo
981 2578 1060 2620 ean-

80 2668 176 2736 dem.
189 2672 335 2756 omnium
361 2672 517 2738 virtutem
542 2697 608 2739 esse
632 2672 758 2741 dixerat
785 2671 846 2762 (5)
893 2673 941 2739 Ne
962 2673 1062 2758 igitur

78 2787 244 2857 offendat.²
267 2787 427 2880 aliquem,
465 2789 557 2881 quod
586 2815 626 2858 ex
657 2793 824 2883 principio
848 2790 1063 2860 ¹Aristotelico

80 2892 265 2975 necessario
297 2909 463 3000 profluat,
501 2935 569 2978 non
601 2931 691 2979 certo
718 2911 852 2978 definiri
877 2936 970 3002 posse
999 2936 1060 2977 ne-

80 3052 152 3118 que
172 3029 316 3096 siliimet
352 3047 497 3097 constare
532 3032 638 3098 ubivis
665 3034 830 3100 virtutem.
877 3029 943 3097 Sed
971 3028 1062 3094 aliud

78 3162 150 3230 est,
189 3148 280 3238 quod
320 3151 457 3234 justam,
499 3153 646 3242 opinior,
686 3176 754 3217 non
787 3174 893 3240 aeque
930 3149 1062 3235 effugiat

77 3265 403 3336 animadversionem.
449 3246 596 3356 Scilicet,
622 3296 722 3362 quam
744 3272 884 3362 quisque
907 3271 1062 3377 virtutem

67 3494 70 3499 .
85 3474 443 3505 *⁸⁸¹2*—

114 3576 157 3645 (1)
179 3577 261 3629 Arist.
281 3577 387 3631 Nicom.
409 3578 448 3631 11.
468 3581 493 3632 7.
513 3581 556 3633 24.
575 3581 606 3634 Β.
626 3584 659 3636 C.

115 3661 157 3730 (2)
178 3662 284 3714 Nicom.
304 3663 355 3715 IV.
375 3664 400 3714 2.
418 3667 461 3716 44.
481 3666 517 3717 D.
537 3666 570 3718 E.

113 3746 158 3817 (3)
178 3746 283 3800 Nicom.
304 3747 344 3802 11.
362 3752 388 3802 6.
406 3751 449 3802 23.
466 3751 498 3803 C.
526 3751 568 3806 Cf.
584 3756 610 3805 5.
628 3754 672 3806 22.
693 3754 725 3807 Ε.
749 3756 830 3818 μέσον
856 3752 888 3805 δὲ
912 3750 943 3802 οὕ
962 3752 994 3800 τὸ
1011 3750 1061 3800 τθῧ

174 3834 354 3900 πράγματος,
373 3835 443 3887 ἀλλὰ
458 3840 492 3888 τὸ
509 3842 575 3909 πρὸς
592 3842 669 3906 ἡμᾶς.
707 3856 714 3872 ’

114 3908 156 3981 (4)
177 3911 283 3968 Nicom.
303 3917 342 3969 ll.
362 3920 388 3970 5.
407 3920 450 3971 22.
469 3922 507 3974 D.
526 3922 570 3976 23.
591 3926 623 3975 A.

102 3997 156 4067 (5)
177 3999 257 4052 Polie.
277 3999 301 4052 Ι.
322 4002 363 4054 13.
382 4003 442 4054 311.
461 4003 492 4056 Β.
