2520 4672
612 311 654 374 67

141 517 198 589 tiis
225 538 330 591 moros
352 516 521 591 emendare
544 517 761 593 studuerunt:
793 518 850 587 sed
879 518 1030 589 doctrina
1050 545 1108 599 co-

140 657 220 705 rum
255 632 468 725 popularibus
497 636 661 710 cruoribus
688 638 872 728 saepissimo
899 638 1019 709 cedens
1042 638 1109 728 (l),

141 770 179 821 et
205 755 395 844 praesertim
417 757 521 827 oratio
547 756 588 825 ab
616 758 704 821 omni
731 757 1006 842 argumentatione
1029 755 1110 824 alie-

142 895 188 943 na
215 870 407 962 prohibent,
432 896 500 964 quo
517 873 624 947 minus
645 875 682 939 in
702 875 832 966 scriptis
854 896 966 947 eorum
988 873 1111 942 diutius

141 1013 396 1064 commoremur.
800 1076 803 1081 Ι

187 1108 305 1198 Neque
332 1127 400 1191 est,
425 1132 484 1181 our
511 1107 553 1174 de
579 1109 779 1201 sapientibus
801 1108 868 1179 istis
891 1106 988 1199 plura
1014 1110 1109 1181 dica-

140 1247 236 1309 muS,
273 1227 333 1317 qui
359 1244 485 1318 septem
512 1228 672 1317 imprimis
700 1251 837 1297 numero
863 1232 904 1301 ab
931 1230 1021 1297 omni
1047 1254 1110 1296 an-

139 1344 296 1434 niquitate
337 1343 554 1419 celebrantur.
620 1348 744 1414 Incerti
783 1350 872 1415 enim
912 1349 1038 1431 sontes,
1073 1373 1113 1414 ex

136 1463 265 1553 quibus
292 1463 414 1555 placita
442 1488 557 1539 eorum
578 1466 673 1532 nobis
700 1467 930 1553 innotescunt,
966 1485 1000 1535 et
1028 1491 1113 1537 eon-

140 1580 235 1655 sume
262 1581 472 1667 traditiones,
510 1609 593 1674 quae
628 1609 728 1675 super
764 1587 803 1652 iis
831 1586 873 1652 ad
907 1610 966 1653 nos
993 1609 1112 1677 perve-

139 1719 287 1783 nerunt,
309 1700 402 1775 vuldo
429 1703 606 1770 obscurant
628 1725 745 1770 eorum
771 1703 965 1777 doctrinam.
1009 1705 1112 1768 Prae·

142 1839 235 1887 terea
260 1820 442 1908 disjunctae
478 1822 657 1889 sententiae
684 1838 717 1889 et
745 1823 786 1888 ab
814 1825 902 1889 omni
925 1820 1115 1913 discipliuae

139 1937 250 2004 forma
286 1956 426 2007 remotae
458 1938 655 2023 effecerunt,
691 1958 730 2009 ut
763 1945 830 2028 jan
860 1941 937 2029 olim
964 1940 1113 2033 philoso-

139 2056 290 2148 phorum
326 2057 426 2125 choro
463 2057 734 2143 excluderentur,
771 2079 804 2128 et
838 2063 1021 2151 sapientum
1047 2084 1111 2125 no·

137 2199 222 2243 men
249 2175 439 2251 dicerentur
463 2177 616 2251 meruisse
643 2194 781 2275 propter
809 2177 936 2247 civilem
959 2175 1113 2269 pruden-

139 2295 233 2360 tiam·
250 2293 309 2386 (2).
367 2292 469 2384 Quod
497 2298 688 2387 ceteroquin
722 2322 802 2387 prae
838 2296 972 2389 reliquis
1007 2296 1112 2363 ‹lisoi-

136 2410 243 2505 plinis
269 2412 443 2480 moralibus
475 2413 769 2507 jurisprudentium
797 2414 976 2496 coluerint,
1008 2440 1049 2482 ex
1075 2439 1114 2481 eo

89 2602 93 2615 ¹
136 2529 317 2627 probabile
353 2531 412 2616 fit,
449 2532 541 2622 quod
573 2549 703 2624 praeter
732 2532 896 2600 Milesium
923 2530 1114 2615 Thaletem,

177 2727 220 2799 (1)
241 2725 328 2796 Supra
341 2730 395 2797 jam
418 2727 557 2780 tententiae
576 2745 668 2780 eorum
688 2728 822 2798 attigimus
839 2730 873 2781 de
888 2728 1006 2782 vindicta
1023 2726 1123 2782 Divina

237 2813 337 2865 liberer
361 2813 546 2866 maleficorum
560 2821 755 2882 pronoquente,
780 2814 814 2865 ale
827 2813 930 2882 justitia
945 2819 1056 2880 proptor
1074 2813 1120 2866 di-

238 2897 333 2960 vitias,
359 2915 426 2968 quac
442 2905 585 2966 procuret,
604 2901 760 2967 praesertim
777 2899 937 2959 aestimanda
953 2904 1004 2950 cet.
1040 2895 1123 2948 Ceto-

229 2999 299 3033 -rum
325 2980 358 3031 de
383 2980 503 3032 doctrina
528 2997 620 3031 eorum
646 2981 689 3032 eff.
714 2980 893 3045 Tiedemanu,
920 2977 999 3030 Erste
1017 2975 1121 3029 Philus.

157 3068 160 3073 ’
239 3062 397 3118 Griechanl.
424 3062 518 3132 Leipz.
540 3064 617 3116 1780.
643 3063 680 3118 V.
700 3063 831 3132 Limburg
847 3063 991 3126 Brouwer,
1011 3061 1121 3126 Disput.

236 3147 354 3219 praemio
374 3149 453 3217 legati
471 3147 560 3215 Stolp.
576 3155 684 3213 ornata,
711 3147 754 3199 De
771 3145 878 3214 provid.
896 3145 1012 3198 Divinae
1028 3143 1122 3196 notio-

236 3249 269 3283 ne
285 3249 299 3282 ο
314 3227 456 3298 Philoplria
475 3227 595 3282 adbibita
613 3230 646 3282 ad
664 3229 897 3282 commemoranda
910 3227 1041 3297 principia
1055 3244 1119 3282 rno-

236 3312 303 3365 ralia
325 3321 353 3366 ot
376 3313 503 3373 uirtutem
517 3314 757 3369 ⁴commendandam
775 3311 808 3364 L.
828 3311 859 3374 B.
879 3312 954 3365 1824.
972 3300 1002 3380 p.
1016 3314 1058 3364 16.
1078 3331 1119 3380 oq.

224 3395 373 3463 ¹Opu'scula
409 3403 529 3448 veterum
563 3393 728 3448 Graecorum
758 3394 916 3452 sententiosa
948 3400 975 3444 et
1010 3393 1121 3443 moralia

236 3487 296 3548 poet
321 3479 471 3535 Hertelium
490 3479 540 3531 ΑΟ.
568 3479 654 3549 1583,
683 3475 874 3533 Glandorlium
902 3474 985 3541 1776,
1014 3475 1120 3527 Brunc-

237 3561 313 3614 kium
334 3562 420 3626 1784,
446 3559 583 3613 Rhodium
610 3561 694 3626 1800,
719 3559 872 3630 nuperrime
892 3558 978 3610 edidit
1001 3554 1121 3607 Orelliua

237 3644 313 3714 Lipa.
333 3645 410 3697 1821.

170 3728 319 3801 (mian
339 3725 535 3797 Laert.1.40.
562 3724 576 3775 ὁ
602 3724 635 3779 dl
654 3727 822 3796 Δικαίαρχος
839 3721 903 3774 οὔτε
922 3719 1034 3783 σοφοὺς,
1054 3721 1119 3774 οὔτε

236 3809 395 3872 φιλοσόφους
421 3810 504 3879 φησὶν
527 3808 627 3868 αὐτοὺς
645 3809 805 3877 γεγονέναι,
827 3804 956 3863 συνετοὺς
981 3806 1016 3856 δέ
1040 3825 1119 3866 τινας

235 3894 286 3946 καὶ
300 3895 506 3959 νομοθετικούς.
544 3889 682 3946 Plutarch.
699 3891 728 3945 in
745 3888 804 3953 Sol.
820 3906 849 3963 p.
865 3888 908 3938 80.
920 3887 951 3941 B·
970 3886 1066 3944 Cicero
1086 3890 1119 3940 do

240 3976 325 4029 Amic.
344 3975 376 4028 C.
395 3977 420 4028 2.

949 4075 1002 4135 5.
