2520 4672
452 364 459 375 ’
558 363 577 425 3

69 590 125 635 sae
153 567 202 632 rei
232 567 452 654 tractationis3
487 591 597 660 neque
626 591 775 661 unquam
800 570 863 637 sihi
891 568 1043 662 discipli-

36 692 40 701 '
68 710 149 753 nam
175 685 366 757 rationalem
392 687 637 773 excogitarunt,
668 692 762 774 cujus
790 705 962 780 praecepta
989 688 1047 756 di-

74 830 170 876 versa
202 825 237 873 et
268 831 345 875 vero
381 809 544 874 contraria
571 832 638 874 esse
665 809 791 899 possint
820 832 961 911 summae
988 807 1052 894 legi

69 925 198 997 morali.
252 928 376 996 Verum
412 944 522 995 tamen
558 928 618 1019 qui
653 945 830 1019 propterea
856 927 920 994 hoc
947 952 1047 1014 argu-

67 1065 221 1116 mentum
255 1063 389 1138 putaret
422 1047 465 1113 ab
506 1045 569 1112 illis
605 1071 670 1115 esse
707 1071 840 1138 prorsus
876 1047 1048 1133 omissum,

70 1167 346 1249 vehementer,o
326 1167 463 1257 opinor,
486 1183 619 1234 erraret.
698 1236 701 1245 ,

114 1284 291 1370 Nondum,
316 1283 408 1376 qnod
435 1286 521 1368 scio,
544 1287 595 1354 vir
623 1284 738 1352 doctus
766 1284 883 1376 aliquis
905 1286 1047 1371 exstitit,
1080 1330 1083 1335 -

70 1405 135 1495 qui
166 1402 245 1471 deta
272 1428 372 1494 opera
400 1422 546 1472 veterum
577 1403 849 1496 philosophorum
875 1407 1049 1473 sententias

63 1506 117 1588 de
146 1523 234 1609 justo
261 1521 447 1608 colligeret,
471 1540 666 1613 exponeret,
686 1521 898 1610 dijudicaret.
942 1526 984 1591 In
1008 1527 1047 1597 iis

72 1640 211 1733 quidem
231 1644 362 1732 scriptis
385 1644 554 1725 omnihus,
580 1666 663 1732 quae
691 1643 806 1710 veteris
823 1642 1050 1733 philosophiae
1159 1634 1162 1639 ⁵

70 1760 244 1831 historiam
272 1759 535 1852 amplectuntur,
567 1761 627 1827 ubi
655 1759 697 1825 ad
725 1760 910 1831 doctrinam
925 1765 1049 1848 cujus-

78 1903 141 1971 que
174 1877 344 1951 moralem,
360 1897 556 1970 perventum
591 1896 659 1963 est,
683 1880 835 1966 justitia,
866 1906 883 1947 e
911 1899 1054 1972 quatuor

81 2022 141 2067 nna
163 1999 296 2067 virtutis
320 1999 489 2091 partibus,
520 1997 580 2086 (est
608 2023 725 2089 nempe
754 1998 835 2067 haec
866 1998 1055 2068 distributio

83 2118 209 2186 virtutis
234 2119 378 2184 tenebris
402 2116 554 2186 obvoluta
573 2119 802 2184 remotissimae
810 2118 1054 2212 antiquitatis),

82 2230 234 2307 laudam
262 2253 297 2304 et
327 2237 451 2322 officia,
489 2261 572 2328 quae
610 2238 878 2328 praescribantur
912 2238 954 2303 ab
985 2238 1058 2328 ipsa
1085 2274 1091 2285 ·
1144 2204 1158 2231 ὁ

83 2364 324 2438 memorantur,
347 2374 380 2424 et
406 2336 599 2425 indicantur
621 2373 818 2448 praecepta,
842 2357 963 2447 quibus
985 2379 1058 2431 cam

83 2473 358 2545 cosanmendarint.¹
384 2566 389 2571 Ι
410 2475 516 2566 Atqui
539 2474 605 2541 hoc
628 2476 702 2541 satis
725 2494 792 2560 est,
816 2473 905 2548 dicat
923 2473 1058 2545 sortasse

83 2586 215 2687 aliquis:
233 2597 356 2685 'quum
391 2587 481 2660 enini
519 2596 699 2686 antiquitus
738 2598 861 2678 omnia,
900 2619 983 2685 quae
1015 2593 1058 2663 ad

16 2778 24 2797 ,
82 2715 238 2802 lentitiam
264 2731 297 2783 et
323 2710 537 2781 immutabilia
560 2715 641 2801 juris
664 2715 831 2806 principia
852 2731 1057 2805 spectarent,
1159 2804 1162 2811 Ι

84 2858 148 2907 nne
169 2858 275 2925 eaque
306 2831 454 2921 ampliori
480 2836 608 2902 virtutis
635 2837 767 2902 notione
796 2834 1059 2928 comprehende-

84 2972 215 3038 rentur,
238 2953 359 3021 Ethicia
383 2957 522 3030 auctoris
545 2954 698 3022 doctrinis
726 2954 921 3045 perspecti,
954 2952 1061 3044 qualis

13 3118 17 3125 ·
85 3073 162 3147 hee
186 3077 259 3161 ejus
286 3098 362 3165 pars
392 3075 451 3156 sit,
476 3091 592 3164 sponte
613 3071 806 3158 intelligitur
813 3101 825 3159 3
858 3073 886 3138 si
914 3072 979 3140 hoc
1005 3096 1060 3139 se-

87 3195 146 3267 nti
168 3195 230 3263 rite
264 3210 411 3278 constet,
442 3168 604 3263 veterihus
631 3193 830 3278 incognitam
855 3190 951 3257 fuisse
979 3192 1062 3277 juris

88 3312 239 3385 marrolis
253 3348 257 3356 ·
270 3295 497 3405 disciplinam,
530 3310 758 3404 quaerendum
784 3328 832 3396 est
859 3308 1062 3378 solummodo

90 3432 131 3505 de
149 3435 282 3505 Ethices
304 3433 497 3524 principiis·
523 3457 606 3523 quae
629 3432 754 3519 justitia
776 3433 834 3514 sit,
867 3453 951 3521 quae
974 3453 1061 3520 pru-

11 3646 15 3651 ·
89 3552 213 3640 dentis,
245 3580 333 3646 qnae
367 3551 546 3637 fortitudo,
583 3577 668 3644 qnae
705 3551 938 3642 temperantia,
969 3544 1064 3617 facile

10 3660 13 3701 ἕ
89 3654 305 3767 perspicitur,
338 3700 376 3741 eo
397 3675 514 3759 magis,
546 3698 652 3765 quum
679 3673 742 3739 hoc
771 3667 959 3759 antiquitati
987 3690 1064 3733 cnm

10 3770 12 3777 i
83 3797 262 3867 raoeutiori
296 3819 371 3866 aevo
403 3819 574 3863 commune
609 3795 672 3878 sit,
708 3774 820 3883 qnod,
854 3787 1064 3876 quantumvis

90 3915 132 3994 dc
164 3916 384 3985 fundamento
413 3915 603 4008 discrepent
635 3911 896 4003 disciplinarum·
913 3905 1062 3998 philoso-
1163 3936 1164 3939 ¹

91 4036 169 4125 phi,
185 4035 238 4108 ‚de
257 4035 392 4123 siugulis
418 4062 533 4107 earnm
553 4035 680 4128 legibus
702 4056 740 4100 cc
759 4028 948 4120 praeceptis
968 4046 1064 4112 egre·
1102 4023 1107 4034 ⁸

94 4158 141 4242 gie
162 4153 363 4249 conspirent.
914 4147 956 4213 1*
1056 4183 1058 4187 ν
1099 4174 1101 4179 ·
