2520 4672
675 355 696 419 4
753 324 756 332 ,

251 563 404 633 Concedo
443 563 627 650 satisfecisse
670 587 723 629 eos
765 561 866 628 libros
909 562 1061 647 consilio,
1107 589 1193 655 quo÷

204 687 318 776 scripti
352 703 445 751 sunt:
485 701 626 750 attamen
671 707 720 749 res
756 700 899 749 meretur
939 685 1175 751 accuratiorem
1231 717 1238 731 =

204 795 472 902 disguisitionem.
527 805 585 869 Est
621 800 864 893 quodammodo
887 825 1019 888 verum,
1051 822 1179 872 veteres

202 916 394 1010 ignoravisse
425 923 511 988 Jnris
547 921 707 988 Naturalis
738 920 963 1012 disciplinam,
997 946 1072 989 cum
1105 945 1194 1013 quo-

203 1039 330 1134 quippe
349 1044 492 1108 *nomine
529 1040 626 1108 hodie
670 1040 840 1127 cogitando
880 1043 1034 1127 conjungi
1070 1040 1181 1129 solent

158 1163 164 1174 '
201 1185 311 1228 omnes
334 1185 389 1227 eae
410 1177 524 1244 notae,
549 1161 668 1250 quihus
692 1157 810 1224 diserte
833 1159 893 1225 ista
915 1160 1048 1226 scientia
1072 1185 1091 1223 a
1114 1183 1176 1225 re-

204 1282 400 1350 centioribus
436 1281 569 1348 inventa
604 1277 823 1364 distinguitur.
879 1279 936 1343 Est
972 1279 1178 1345 verissimum

201 1404 314 1483 etiam,
331 1400 369 1464 iis
391 1399 520 1484 juribus
542 1415 640 1486 atque
664 1398 794 1490 officiis,
814 1397 934 1487 quibus
948 1398 1011 1462 sibi
1030 1398 1175 1463 invicem

202 1519 348 1586 homines
371 1514 777 1608 tenentur,'quorumque
796 1518 943 1615 priscam
968 1519 1192 1603 investigan-·
1254 1614 1256 1620 Ι

150 1725 152 1730 y
201 1636 245 1704 do
280 1638 393 1705 venari
428 1638 586 1722 originem
613 1635 737 1703 frustra
764 1637 967 1721 institueres,
998 1660 1189 1727 nunquam·

199 1755 281 1824 fere.
312 1758 351 1822 ab
398 1757 542 1845 antiquis
597 1753 829 1847 philosophis,
857 1755 955 1821 alium
1005 1754 1175 1842 obligandi

167 1861 171 1871 ⁸
197 1873 321 1942 fontem
347 1874 442 1941 fuisse
469 1869 696 1966 suppositum,
735 1900 834 1965 quam
870 1873 1005 1966 reliquis
1033 1874 1172 1942 Ethicae

199 1995 393 2087 praeceptis.
453 1992 521 2060 Sed
557 1992 796 2059 attendendum
837 2010 885 2058 est
927 1996 1035 2083 primo
1075 1991 1173 2078 loco,

199 2112 311 2206 quod,
349 2114 495 2204 quamvis
542 2111 584 2178 ad
621 2115 774 2182 virtutem
812 2111 987 2180 referretur
1027 2115 1173 2200 justitia,

196 2209 296 2318 hujus
340 2249 445 2298 tamen
483 2231 649 2297 notionem
690 2256 729 2297 ex
769 2229 824 2296 iltt
859 2255 1068 2323 nequaquam
1103 2257 1176 2302 esse

193 2366 300 2418 ortam
325 2351 390 2418 sive
426 2349 623 2434 derivatam,
661 2351 725 2417 sive
739 2348 863 2441 'aliquo
890 2350 989 2419 modo
1015 2352 1180 2443 produc--

153 2471 156 2479 '
196 2487 282 2557 tam3
320 2470 356 2533 in
389 2467 503 2535 talibus
531 2493 598 2536 non
622 2467 829 2539 dissolvendo
851 2470 909 2537 sed
934 2473 1167 2560 conjungendo

192 2587 402 2680 progreditur
425 2614 515 2655 mens
539 2589 702 2676 hnmana3
737 2614 822 2673 non,
846 2589 1034 2677 indagantes
1057 2594 1168 2661 virtu-

198 2708 238 2774 tis
268 2725 436 2792 naturam,
469 2707 664 2775 invenerunt
696 2709 843 2776 homines
867 2713 1042 2796 justitiam:
1080 2706 1176 2781 hanc

196 2826 255 2895 diu
282 2845 356 2894 ante
381 2846 617 2912 cognoverant,
643 2853 742 2919 quam
771 2828 812 2896 de
836 2828 1030 2916 generaliori
1056 2831 1169 2898 virtu-

197 2948 238 3014 tis
265 2948 397 3013 notione
425 2948 644 3013 somniarent:
670 2964 724 3032 et,
749 2947 840 3039 quod
864 2948 925 3015 hac
948 2947 1035 3016 illa‘m
1059 2971 1176 3040 postea

197 3061 539 3156 comprehenderunt,
571 3062 844 3157 philosophorum
871 3066 986 3134 studiis
1014 3068 1181 3140 effectum·

196 3201 267 3269 est,
291 3208 373 3274 quae
395 3184 479 3249 ratio
501 3182 657 3268 docebat,
691 3187 856 3252 communi
884 3188 1070 3253 conantium
1094 3188 1171 3257 dis-

197 3302 338 3394 ciplinae
383 3301 515 3369 vinculo
558 3305 735 3370 continere.
802 3307 957 3375 Manebat
998 3327 1172 3400 praeterea

192 3423 316 3510 justitia
337 3420 408 3488 fons
438 3424 605 3491 constituti
626 3426 726 3509 juris,
750 3442 783 3490 et
806 3425 867 3493 hac
889 3429 986 3494 etiam
1008 3453 1048 3494 ex
1069 3449 1170 3520 parte

193 3543 295 3633 ipsius
317 3542 408 3634 notio
429 3548 520 3608 su'am
540 3543 639 3647 halpet
666 3542 853 3630 dignitatem
877 3548 1078 3639 propriaque
1106 3574 1170 3617 ra·
1226 3554 1231 3562 ’

195 3661 280 3727 tione
301 3658 430 3728 exculta
452 3680 509 3729 est.
954 3642 963 3661 ⁴
1061 3666 1064 3671 ’

194 3816 196 3820 ν
239 3777 313 3845 illos
359 3765 465 3848 autem
512 3783 715 3873 potissimum
750 3786 885 3854 excitavi
920 3784 1019 3852 libros
1055 3810 1168 3881 prop-

189 3917 292 3981 terea,
331 3901 439 3988 quod,
473 3926 566 3993 quae·
595 3901 636 3967 ad
672 3923 898 3992 argumentum
926 3905 991 3973 hoc
1019 3903 1170 3993 faciant,-

188 4018 238 4082 in'
258 4019 295 4084 iis
337 4020 451 4109 utique
489 4009 703 4114 reperiuntur
744 4027 880 4096 maxime
911 4026 1032 4117 digesta
1063 4045 1167 4118 atque
