2520 4672
522 409 524 414 ,
604 332 667 400 247

141 547 333 637 putatione,
368 570 434 636 qua
467 545 616 637 ipsorum
646 520 758 638 palam
789 548 873 616 fiant
899 547 1060 619 evidentia
1088 577 1126 625 ac

122 663 301 763 dignitas,
334 662 393 730 sed
427 667 608 755 requiritur
645 684 740 749 antea
767 668 848 751 ἵξις,
880 668 1012 736 habitus
1041 673 1123 763 qui-

142 781 238 867 dam,
261 785 327 849 irae
350 800 383 850 et
407 783 626 875 cupiditatum
646 787 798 852 immunis
814 786 882 877 (l),
907 792 975 881 quo
995 792 1122 877 animus

138 901 231 994 velut
260 919 474 993 praeparatus
510 904 570 985 sit,
604 920 660 987 ut,
694 929 799 995 quum
829 908 897 992 jam
925 913 1122 999 persenserit

138 1045 206 1087 esse
235 1020 360 1112 aliquid
383 1022 528 1105 bonum,
550 1019 643 1090 facile
671 1021 814 1107 ediscat,
839 1050 906 1115 qua
933 1051 968 1093 re
997 1045 1029 1094 et
1053 1051 1121 1119 quo

139 1138 240 1209 modo
267 1140 380 1207 existat
406 1139 465 1231 (2).
510 1137 567 1204 Illa
600 1142 682 1222 ἐ’ξις,
717 1166 800 1230 quae
827 1145 898 1234 ipsa
924 1148 991 1231 jam
1018 1147 1121 1212 virtus

137 1275 188 1325 est
226 1258 293 1349 (3),
325 1260 530 1327 institutione
568 1257 769 1349 acquirenda
805 1278 854 1327 est
889 1279 922 1328 ct
952 1244 1116 1332 exercita-

140 1378 230 1444 tione
255 1376 319 1467 (4).
343 1401 411 1443 non
432 1379 521 1470 enim
542 1375 760 1445 involuntaria
774 1396 840 1463 est,
866 1383 990 1473 quippe
1011 1406 1116 1472 quae,

85 1558 89 1567 .
137 1498 166 1563 si
189 1498 292 1564 causis
320 1513 410 1565 extra
436 1495 610 1562 hominum
633 1497 805 1562 arbitrium
831 1499 944 1589 positis
974 1498 1116 1569 debere·

135 1632 208 1699 tur,
241 1618 433 1707 neutiquam
465 1615 501 1680 in
529 1639 642 1682 eorum
680 1612 811 1684 laudem
839 1618 1007 1684 accenseri
1036 1641 1117 1709 pos-

137 1752 189 1801 set
204 1733 263 1822 (5).
308 1716 348 1800 Ιιι
375 1758 413 1817 ec
441 1732 630 1802 Aristoteles
656 1733 696 1800 tle
721 1736 869 1806 universa
893 1759 1022 1802 morum
1045 1735 1115 1803 dis·
1148 1709 1152 1719 Ι

137 1852 263 1945 ciplina
286 1853 450 1946 praeclare
476 1856 609 1921 meritus
638 1873 704 1936 est,
730 1852 821 1945 quod
851 1871 920 1922 tum
948 1856 984 1919 in
1016 1856 1113 1922 aesti-
1175 1849 1176 1853 ¹

136 1972 264 2041 mandis
293 1974 386 2041 bonis
409 1975 584 2064 pravisque
612 1975 811 2058 actionibus,
841 1992 1045 2064 quantopere
1067 1971 1114 2042 li·

136 2095 210 2164 beri
237 2084 363 2192 arbitrii
385 2090 538 2162 habenda
559 2094 641 2161 ratio
670 2095 732 2177 sit,
756 2091 942 2160 luculenter
975 2092 1114 2163 demon-

171 2337 213 2407 (1)
235 2339 318 2391 Arist.
338 2336 445 2399 Nicom.
466 2334 506 2387 ll.
527 2336 603 2385 1-4.
620 2353 647 2403 p.
668 2335 709 2385 17.
727 2333 759 2385 E.
777 2351 837 2404 sqq
858 2333 893 2386 X.
916 2336 956 2386 10.
976 2335 1034 2386 141.
1047 2333 1127 2409 Ba*
1215 2332 1218 2341 '

235 2425 294 2475 142.
314 2423 346 2474 C.

169 2509 210 2578 (2)
230 2508 337 2561 Nicom.
364 2506 387 2558 Ι.
417 2505 444 2556 2.
463 2505 488 2555 5.
510 2503 547 2553 D.
576 2504 620 2554 διὸ
645 2503 692 2553 δεῖ
715 2509 774 2559 τοῖς
801 2501 897 2552 ἓθεσιν
918 2489 1009 2568 ἦχθαι
1033 2502 1120 2561 καλῶς

232 2596 281 2645 τὸν
305 2594 371 2662 περὶ
396 2591 485 2642 καλῶν
513 2590 560 2640 καὶ
585 2589 714 2646 δικαίων,
740 2587 788 2636 κα1
815 2585 879 2642 ὅλοις
896 2586 950 2635 τῶν
971 2586 1120 2641 πολιτικῶν

229 2678 409 2739 ἀκουσόμενον
431 2675 538 2733 ἱκανῶς·
556 2675 626 2743 ἀρχὴ
650 2673 701 2740 γὰρ
716 2673 749 2720 τὸ
771 2672 822 2720 ὅτι·
843 2671 890 2720 καὶ
909 2674 935 2720 εἰ
952 2672 1036 2721 τοῦτο
1052 2673 1118 2734 qai-

230 2781 303 2815 νοιτο
322 2759 489 2831 ἀρκούντως,
509 2756 590 2808 οὐδὲν
608 2757 770 2826 προςδεὴσει
788 2755 838 2804 τοῦ
859 2755 941 2819 Ιθιότι.

168 2848 209 2916 (3)
230 2844 335 2898 Nicom.
357 2843 396 2897 11.
415 2845 440 2893 4.
461 2842 504 2891 22.
525 2843 558 2892 A.

169 2934 211 3000 (4)
233 2930 338 2983 Nicom.
360 2929 399 2980 tt.
419 2930 495 2983 1-3

170 3016 212 3086 (5)
234 3015 295 3082 lpsa
311 3014 393 3064 Arist.
412 3011 488 3069 ἓἙειις
505 3011 612 3066 notione
627 3010 706 3061 liberi
724 2982 829 3059 ιιὶιί1ιίἱ
847 3027 907 3068 urus
923 3026 1027 3061 necesse
1042 3028 1119 3063 com-

227 3095 412 3164 prehenditur.
448 3094 565 3147 Nicom:
578 3092 618 3144 11.
639 3095 664 3144 4.
683 3093 725 3143 21.
743 3091 831 3142 D.-
845 3093 887 3142 22.
907 3093 941 3143 Α.
978 3094 1061 3147 Μετὰ
1084 3090 1118 3148 δὲ

229 3199 322 3231 ταυτα
343 3183 372 3229 τί
395 3180 511 3231 ἐστιν’
494 3199 511 3245 η
539 3178 637 3248 ἄριοι),
663 3178 805 3229 σκεπτέον·
831 3178 892 3230 ἐπεὶ
917 3163 962 3229 οὖν
988 3180 1024 3231 τὰ
1041 3181 1121 3246 tvae

227 3258 475 3333 ψιιχῇμενόμενα,
495 3265 646 3334 effugari,
665 3264 758 3330 πάθη,
779 3263 926 3324 δινόμεις,
945 3261 1029 3324 ἕξεις,
1049 3264 1118 3314 τού-

228 3367 280 3399 των
307 3368 334 3398 τι
360 3348 392 3398 ἂν
418 3348 462 3413 εἴη
489 3349 505 3412 ἡ
529 3346 621 3416 ἀρετή
633 3381 709 3398 .....
733 3349 813 3446 πάθη
832 3347 880 3410 μὲν
900 3366 946 3398 οιν
962 3347 1010 3398 eain
1028 3350 1113 3410 εἰσιν,

230 3431 294 3483 οὔθ’
322 3433 352 3481 αἱ
377 3429 740 3500 ἀρετα1οόθά1κακ1αι,
767 3429 809 3478 ότι
829 3430 860 3480 ου
879 3430 1024 3494 λεγόμεθα
1041 3431 1116 3481 κατὰ

232 3519 267 3566 τὰ
283 3518 363 3582 παθη
383 3515 560 3574 σποιιθαῑοι’“
546 3535 562 3578 η
582 3514 691 3574 φαῦλοι·
712 3514 783 3563 κατὰ
801 3513 833 3564 δὲ
852 3515 900 3570 τὰς
915 3514 1012 3583 αρετὰς
1028 3515 1044 3580 ἢ
1062 3533 1114 3565 κα-

229 3606 288 3660 ιιίαι,Ι
307 3591 459 3667 λεγόμεθα·
471 3634 563 3655 ......
584 3599 647 3650 οὔτε
664 3599 713 3660 μὲν
732 3601 862 3662 δυνάμεις
879 3601 960 3651 etata-
981 3599 1045 3651 οὔτε
1064 3601 1113 3662 μὲν

228 3685 333 3750 &quirat
361 3683 505 3747 λιγόμεθα
532 3683 571 3750 τῷ
598 3683 740 3734 δύνασθαι
763 3683 896 3753 π’ράττιιν
915 3683 1021 3745 ἁπλῶς,
1047 3681 1112 3736 otus

228 3769 319 3818 κακοὶ·
342 3765 405 3817 οὔτε
424 3765 616 3828 ἐπαινούμεθα
636 3765 699 3817 οὔτε
720 3767 880 3830 ψιμόμεθα.
898 3768 946 3817 nul
963 3767 1005 3817 ἔτι
1020 3768 1114 3835 θιινα·

227 3853 272 3903 το1
296 3851 344 3914 μὶν
370 3849 448 3912 ἐσμὲν
477 3834 565 3909 aura·
583 3849 688 3915 ἀγαθοὶ
709 3848 740 3899 δὲ
760 3850 777 3914 ἢ
796 3849 893 3910 κακοὶ,
921 3849 951 3900 οὐ
971 3849 1112 3915 γινόμεθα

227 3936 407 3997 puratum.
436 3937 461 3986 εἰ
491 3920 537 3985 σόν
564 3938 632 4002 μήτε
652 3935 733 4002 πάθη
756 3935 830 3985 εἰσὶν
856 3934 886 3984 αἱ
905 3933 1021 4003 eperat,
1041 3939 1111 4002 μήτε

226 4021 370 4086 δυνάμεις,
390 4019 517 4071 λε1πεται
535 4016 603 4078 iiras
620 4018 705 4078 αὐτὰς
723 4010 805 4072 εἶναι.
853 4080 856 4089 Ι
