2520 4672
613 398 676 464 245

139 633 224 701 opus
246 607 339 695 longe
362 609 692 698 praestantissimum,
716 609 806 701 quod
831 637 848 676 a
871 612 1036 681 nonnullis
1056 618 1112 681 in-

138 729 226 814 juriat
263 726 364 810 olim,
400 751 439 792 ex
475 728 695 818 inscriptionis
732 727 864 797 sortasse
891 733 978 799 nitio
1015 734 1112 818 nati,

137 848 205 938 ipsi
230 847 427 915 Nicomacho
450 847 655 912 tribuebatur
682 847 750 938 (l),
775 848 912 916 alterum
935 850 977 917 ad
999 851 1112 919 Eude-

137 991 230 1031 mum
253 967 377 1056 septe'm
399 965 489 1031 libris
516 984 725 1051 contentum,
751 993 892 1059 quorum
919 987 1026 1036 tamen
1049 988 1113 1038 tres

118 1080 264 1175 'priores
290 1084 449 1150 duntaxat
472 1102 504 1151 et
526 1103 707 1175 postremus
732 1089 865 1172 genuini
886 1105 1024 1179 possunt
1045 1088 1109 1154 ha-

137 1203 227 1285 beri,
251 1202 363 1269 mediis
386 1221 497 1294 aperte
512 1229 551 1270 ex
566 1202 666 1270 altero
680 1206 874 1274 Ethicorum
888 1233 986 1299 opere
1003 1209 1111 1274 inter-

136 1321 253 1414 polatis
270 1320 341 1412 (2)3
368 1322 511 1413 denique
527 1325 727 1410 Magnorum
740 1325 914 1393 Moralium
928 1326 1006 1393 libri
1026 1327 1112 1412 duop

140 1443 261 1531 quibus
297 1439 404 1533 quasi*
426 1440 542 1533 sylloge
574 1442 682 1510 editur
718 1447 884 1513 universae
921 1443 1141 1536 disciplinae·

135 1561 428 1652 Peripateticorum
457 1562 516 1652 (3).
562 1563 655 1652 Quae
684 1582 791 1630 autem
819 1563 860 1628 ad
883 1566 1114 1631 Oeconomiam

137 1681 317 1770 pertinent,
343 1697 376 1746 et
403 1678 573 1748 Politicam
610 1682 855 1768 cognominibus
892 1685 1021 1774 scriptis
1049 1708 1108 1749 ex-

140 1816 247 1890 posita
267 1815 353 1864 sunt.
437 1876 439 1883 y

171 2072 214 2142 (1)
236 2071 266 2125 si
293 2090 385 2141 nempe
409 2073 528 2141 iniquom
553 2079 652 2124 sortem
677 2080 846 2142 reputamus,
874 2093 927 2145 qna
952 2075 1030 2128 initio
1054 2075 1119 2127 libri

232 2159 383 2211 Aristotelis
406 2158 525 2227 oppressi
544 2166 604 2209 sunt
629 2156 732 2222 (Strob.
752 2159 836 2210 XIII.
859 2162 882 2211 l.
903 2157 1038 2212 Plutarch.
1060 2157 1118 2209 vit.

233 2242 303 2311 Syll.
324 2244 384 2294 468.
400 2243 434 2294 A.
452 2241 494 2309 Β.)
524 2259 578 2292 non
601 2258 664 2297 vero
685 2242 812 2292 dissimile
828 2242 954 2306 videtur,
974 2258 1056 2308 quum
1075 2240 1118 2289 al-

230 2334 287 2377 tera
310 2326 367 2378 vice
390 2326 417 2376 in
436 2326 520 2376 lucem
545 2331 606 2376 sont
624 2323 707 2387 editi,
728 2324 900 2392 principalem
919 2323 1119 2407 inscriptione?

231 2410 338 2460 Ἠθικά
357 2405 802 2477 septelllnop.cor·1·optamfuisse
820 2412 899 2473 atquo
918 2403 981 2456 hinc
1000 2420 1120 2456 errorem

230 2478 328 2544 natum·
348 2489 447 2560 Quod
461 2491 570 2558 quidem
588 2488 640 2541 hoe
659 2491 744 2558 ipsum
761 2491 842 2541 suerit
857 2507 939 2557 opus,
955 2489 1034 2558 ¹quod
1051 2487 1136 2541 olim''

232 2560 1118 2640 nmmmnmmmmffimmmmmwffle

229 2665 277 2708 ton
299 2663 386 2719 certe,
413 2672 466 2722 qno
491 2653 649 2706 Nicomachi
671 2672 736 2722 opus
757 2656 862 2722 insignit
881 2655 941 2706 Piso
966 2653 1035 2721 apud
1059 2650 1117 2702 Cio.
1200 2674 1206 2688 =

230 2742 283 2792 rin
297 2739 334 2792 V.
354 2741 387 2803 5,
414 2738 463 2806 qui
486 2745 608 2790 accurate
633 2746 711 2791 vocar
728 2741 838 2805 scriptos
856 2738 885 2788 de
903 2740 1018 2788 moribus
1037 2737 1117 2786 libros

142 2884 145 2889 y
232 2828 330 2894 optime
348 2825 376 2875 in
391 2824 460 2875 illud
479 2825 622 2887 convenit,
641 2824 734 2874 melius
755 2822 847 2873 saltem
866 2840 945 2891 quam
963 2821 991 2871 in
1007 2818 1117 2885 Μεγάλ.

230 2911 328 2962 Ἠθικ.
347 2910 430 2960 libros
449 2909 531 2973 duos,
553 2925 620 2975 quos
637 2907 664 2957 d.
676 2906 733 2957 Cic.
750 2906 769 2956 l.
785 2904 928 2973 significari
948 2905 1019 2956 doct.
1037 2901 1114 2953 Titne

230 2992 377 3058 suspicatur
394 3009 421 3057 p.
441 2991 484 3040 43.
504 3007 544 3056 sq.
870 3047 873 3053 Ι

169 3060 1115 3147 nwffisommnnmumumnnmmn
1202 3099 1205 3105 ·

232 3161 355 3212 Acroam.
375 3159 452 3208 1786.
470 3175 497 3222 p.
516 3158 559 3207 81.
578 3155 655 3207 Titze
672 3174 700 3222 p.
719 3156 752 3205 40
771 3173 832 3223 sqq.

169 3248 210 3318 (3)
233 3244 368 3313 Ingeniosa
393 3247 438 3305 et,
465 3240 494 3290 ni
516 3239 616 3376 glor,
645 3237 777 3291 verissima
802 3245 841 3287 est
864 3238 1016 3304 conjectura
1040 3235 1112 3288 doct.

229 3330 311 3382 Titzii
328 3348 356 3395 p.
376 3329 426 3391 43,
453 3327 503 3378 sub
544 3327 601 3376 tulo
619 3324 728 3389 Μεγάλ.
748 3322 874 3374 Ἠθικῶν
893 3322 1115 3390 subintelligentia

228 3415 363 3480 συλλογὴ,
391 3429 444 3480 quo
472 3410 590 3462 remedio
611 3409 716 3477 penitus
740 3407 846 3458 tollitur
866 3407 1026 3471 difficultas,
1047 3423 1114 3475 quas

230 3498 333 3566 priores
359 3496 512 3547 turbaverat
538 3494 697 3559 interpretes
723 3491 769 3559 (cl.
789 3489 874 3543 Buble
894 3510 921 3558 p.
940 3492 1006 3560 79),
1035 3508 1114 3560 quom

230 3583 286 3636 scil.
309 3583 344 3632 ob
372 3597 473 3631 eausam
499 3578 564 3631 haec
587 3580 685 3647 scripta
704 3578 814 3628 moralia
840 3578 873 3628 ab
891 3583 998 3629 auctore
1016 3593 1113 3642 magna

227 3672 421 3733 nuncupentur.
457 3652 581 3715 Ceterum
595 3681 681 3732 neque
696 3663 730 3715 de
742 3661 856 3712 Eudem.
871 3679 957 3729 neque
974 3662 1007 3713 de
1021 3659 1110 3728 Magn.

226 3750 297 3803 Mor.
324 3750 462 3818 magnifice
490 3735 568 3802 statui
593 3750 678 3813 solet,
705 3755 732 3798 et
750 3755 889 3814 utrumque
905 3763 971 3812 opus
988 3764 1002 3795 a
1019 3746 1112 3797 multis

227 3837 292 3891 viris
324 3835 409 3887 doctis
435 3835 575 3888 Aristoteli
600 3835 776 3903 abjudicatur.
825 3818 1015 3900 Quaestionem
1042 3827 1110 3880 haue

226 3919 349 3988 pluribus
364 3926 462 3975 tentare
480 3921 687 3989 inopportunum
706 3923 760 3980 est,
782 3934 863 3983 quum
884 3912 981 3967 Ethica
999 3916 1032 3966 ad
1052 3913 1109 3966 Ni·
1126 3908 1133 3923 ⁸

226 4021 294 4054 eom.
320 4003 417 4072 scripta
442 4004 572 4055 abundem
594 4003 671 4056 nobis
696 4001 839 4068 praebeant
860 4000 1013 4070 meterIem,
1040 3999 1109 4052 unde

228 4085 368 4155 disciplina
386 4085 539 4140 Aristotelis
556 4086 664 4144 morulis
681 4085 732 4146 rite
750 4084 931 4170 adumbretur.
