2520 4672
611 328 670 402 135

147 537 255 602 mari:
290 538 412 622 justum
441 535 547 618 enim,
580 533 670 625 quod
699 534 925 625 perhibeatur,
956 539 1119 604 neminem

147 653 260 720 facere
283 654 345 719 nisi
370 653 528 737 invitum,
560 671 593 720 et
622 652 755 720 simulac
785 673 938 747 suppetat
963 655 1120 741 facultas,

150 773 349 858 injustitiam
383 795 547 862 quemque
580 773 691 855 venari
719 773 778 862 (l).
832 771 944 862 Qualis
971 773 1119 841 doctrina

151 888 285 966 moralis
312 870 575 980 relinquebatur,
606 891 641 954 in
666 907 781 980 aperto
805 902 873 957 est:
908 894 1014 960 ‘Atta
1040 895 1125 961 τοῦθ’

155 1013 236 1092 eorl,
266 1008 377 1099 inquit
408 1005 496 1073 idem
530 1006 699 1120 Callicles,
739 1013 774 1076 τὸ
805 1015 884 1075 κατὰ
910 1019 999 1092 φασιν
1026 1012 1119 1080 καλὸν

137 1131 209 1195 ,καὶ
239 1128 427 1209 &teutoni
434 1131 521 1211 ἐγὼ
556 1152 602 1193 σοι
636 1136 691 1195 νῦν
722 1130 994 1214 παρρησιαζόμενος
1021 1130 1126 1214 lae‘ysa,

153 1247 204 1310 ὃτι
231 1247 280 1312 δεῖ
301 1250 355 1312 τὸν
381 1247 481 1331 ὀρθὼς
507 1250 689 1332 βιωσόμενον
716 1252 771 1323 τὰς
796 1252 853 1329 μὲν
876 1250 1039 1331 ἐπιθυμίας
1066 1253 1126 1324 τὰς.

154 1369 266 1431 ἑαυτοῦ
292 1368 347 1448 ἰᾷν
373 1368 415 1439 ὥς
443 1365 584 1446 μεγίστας
612 1358 765 1457 εἶναικαὶ
790 1371 831 1448 μὴ
858 1367 1015 1448 κολάζειν,
1047 1376 1118 1435 ται]-

153 1507 224 1558 tuse
261 1484 295 1549 tt
329 1486 370 1558 ιὸς
399 1485 558 1585 ’μεγίσταις
594 1489 694 1559 οὔσαις
724 1488 830 1551 ἱκανὸν
861 1481 939 1567 εἶναι
965 1488 1124 1571 ὑπηρετεῖν

247 1695 262 1728 e
280 1694 341 1730 vera
358 1676 471 1728 lectione
488 1677 563 1744 nato)
580 1673 649 1742 ἄγει
666 1682 738 1741 cet,
757 1676 795 1726 ita
815 1682 845 1726 ut
861 1678 933 1727 κατὰ
953 1676 1031 1741 φύσιν
1047 1677 1127 1740 νόμος

175 1780 178 1785 ·
248 1764 387 1828 propterea
407 1757 537 1826 exquisite
559 1774 574 1807 a
600 1755 681 1824 poe'tla
707 1757 874 1822 nominetur,
907 1764 937 1807 ut
960 1757 1035 1808 illam
1055 1757 1128 1824 νόμῳ

247 1843 326 1910 vulgo
347 1842 385 1894 sic
409 1842 481 1892 dicto
506 1840 638 1907 opponat,
666 1830 774 1908 stegen
795 1839 988 1907 (constitutam)
1011 1837 1128 1890 omnium

250 1923 381 1993 (quidem)
399 1922 553 1974 mortalium
570 1927 597 1971 et
614 1921 803 1972 immortalium
818 1916 873 1983 esse
888 1921 1003 1991 reginam
1021 1921 1129 1989 (recep-

247 2011 312 2078 tam)
325 2047 333 2074 ,
349 2008 423 2060 illam
433 2025 498 2062 vero
510 2006 616 2075 (legem)
629 2044 636 2071 ,
654 2024 721 2074 quae
735 2013 844 2058 naturae
855 2007 983 2059 rationem
997 2002 1132 2071 sectatus,

148 2098 152 2105 ⁴
205 2095 209 2106 ”
248 2094 414 2162 praepotenti
437 2109 516 2144 maun
540 2093 640 2159 justum
663 2093 783 2158 efficere,
811 2093 886 2161 quod
912 2092 1130 2145 violentissimum

249 2183 288 2227 est
315 2174 388 2244 (ἄγει
411 2175 524 2226 δικαιῶν
547 2176 580 2223 τὸ
604 2175 768 2236 βιαιότατον
787 2176 1055 2243 scripsit-Pindarus:
1084 2176 1128 2225 cff-

246 2255 377 2327 interpr.;
395 2276 428 2309 an
447 2259 525 2310 Plato
540 2257 691 2324 scripserit,
712 2259 822 2322 dubito,
842 2260 888 2329 qui
905 2276 958 2310 non
978 2259 1131 2326 exagitasset
1216 2299 1217 2303 ,

248 2341 403 2412 Sophistam
418 2358 509 2394 versus
525 2339 648 2391 citantem
664 2347 692 2392 st
709 2341 738 2392 in
756 2343 843 2395 medio
862 2360 940 2396 versu
957 2339 1127 2402 haerentem,

246 2427 298 2478 nisi
322 2425 371 2481 sibi
390 2422 570 2492 proposuisset
593 2423 689 2474 bonam
715 2421 900 2491 sophistarum
923 2423 1005 2474 fidem
1026 2419 1076 2471 hac
1099 2420 1128 2470 in

240 2505 276 2563 ⁴re
294 2510 322 2561 in
343 2506 483 2579 discsimen
501 2521 606 2556 vocare.
641 2503 823 2558 Themistlaius
848 2507 926 2557 etiam
944 2505 972 2554 iu
991 2501 1042 2554 Or.
1062 2498 1127 2551 XX.

247 2615 276 2665 p.
286 2594 346 2646 235.
358 2593 441 2644 Hasd.
454 2586 592 2658 sophistas
607 2589 646 2640 sui
660 2590 787 2656 temporis
801 2590 938 2658 objurgat,
958 2587 1032 2661 qqod
1047 2585 1129 2638 verba

246 2680 399 2744 mutabant,
419 2694 487 2746 qnae
505 2693 538 2727 ex
556 2675 613 2725 aliis
631 2665 783 2726 auctoiibus
802 2674 939 2742 desumpta
956 2670 1128 2740 actitabant).

246 2764 360 2824 Unicum
377 2762 556 2815 difficultatem
571 2759 652 2812 habet
671 2758 764 2813 Schol.
783 2761 816 2813 ad
832 2761 911 2813 Pind.
924 2757 1003 2811 Nem.
1015 2755 1125 2820 1X.35,

90 2866 94 2875 ·
160 2906 162 2910 ,
220 2845 225 2855 “
248 2847 297 2916 qui
320 2860 411 2901 versus
428 2852 533 2896 nostros
555 2844 592 2896 sic
616 2843 694 2895 citat:
720 2843 801 2905 νόμος
825 2841 839 2891 ὁ
863 2843 973 2893 πάντων
996 2838 1128 2904 βασιλεὺς

155 2964 159 2969 -
206 2928 209 2932 ’
247 2932 360 2984 θνατῶν
376 2929 424 2981 καὶ
441 2928 587 2980 ἀθανάτων
604 2925 665 2992 ἄγει
683 2927 796 2977 δικαιῶν
811 2925 843 2975 τὸ
859 2924 1024 2988 βιαιότατον
1038 2920 1125 2990 ὑστερ-

154 3085 159 3091 .
247 3015 319 3079 τάτᾳ
337 3016 428 3085 χειρίς
454 3012 500 3064 sed
525 3011 586 3063 lieri
605 3016 711 3078 potest,
738 3008 906 3062 scholiastem
927 3001 1018 3061 versus
1034 3003 1125 3072 paullo

168 3098 171 3103 '
247 3094 387 3147 intervallo
419 3094 557 3146 distinctos
581 3093 765 3161 conjunxisse,
794 3099 823 3142 ut
850 3090 989 3142 assimilem
1018 3087 1128 3140 Pindari

248 3177 402 3228 sententiam
421 3177 513 3228 &taret
530 3176 571 3240 ei,
591 3191 658 3244 quae
679 3174 727 3224 illo
750 3174 811 3224 loco
835 3169 1128 3239 occurrit3quod1n-

154 3316 187 3329 --
247 3261 389 3315 tervallum
412 3260 488 3336 sive
484 3261 607 3324 sincere,
632 3260 695 3326 ipsis
719 3260 814 3326 poe'tae
838 3257 941 3322 verbis,
968 3256 1023 3308 sive
1045 3253 1126 3305 dolo-

249 3362 293 3408 se,
314 3361 374 3395 suae
395 3330 475 3394 menti
493 3340 713 3404 accommodatis,
740 3339 829 3392 verbis
847 3323 987 3407 (ciconii
1005 3336 1041 3400 δὴ
1057 3335 1128 3384 κατὰ

141 3442 157 3453 ’“
247 3428 339 3496 φύσιν)
367 3425 483 3493 explevit
509 3421 648 3490 Sophista'z
677 3422 752 3488 prius
777 3429 864 3472 tamen
888 3420 995 3472 credere
1017 3413 1126 3476 malim,

248 3518 373 3578 utsupra
388 3508 461 3561 dixi·
482 3507 528 3577 qed
545 3513 657 3574 utroqpe
676 3519 734 3558 casu
752 3504 859 3559 videtur
874 3501 939 3555 haee
954 3499 1033 3552 lectio
1046 3512 1128 3563 prae-

247 3594 363 3667 ferentis.
400 3590 560 3644 Sententiam
584 3597 686 3655 autem,
720 3609 799 3659 quam
818 3586 950 3648 exhibet,
984 3579 1126 3634 confirmat
1156 3623 1162 3635 Ι
1191 3582 1193 3587 “

141 3682 157 3689 ”
248 3662 404 3734 Pinnasicus
421 3676 495 3730 loc'us
519 3677 564 3728 cit
589 3673 667 3726 Nem.
687 3672 738 3726 IX
762 3676 806 3726 35.
833 3672 970 3740 »κρέσσων
995 3664 1028 3715 δὲ
1053 3677 1126 3712 καπ-

246 3761 331 3813 παύει
350 3760 433 3811 dinus
451 3760 501 3808 τὰν
519 3757 643 3829 πρόσθεν
662 3756 774 3826 ἀνήρ”ς
797 3762 824 3806 ct
844 3770 923 3822 quem
941 3750 1054 3800 alterum
1071 3743 1126 3797 huc

218 3841 451 3897 *citavit·Schol.
469 3848 496 3892 et
513 3835 751 3892 laudavit'Bockh'.
775 3835 812 3888 »ὃ
832 3834 892 3886 st’
881 3834 990 3906 ισχυρὸς
1007 3831 1074 3902 ἀνὴρ
1091 3830 1123 3879 τὸ

247 3929 421 3998 προϋπάρχον
440 3928 549 3978 δίκαιον
567 3915 755 3978 κστσπάυεν”.

131 4020 136 4031 ·
181 4013 231 4083 (ι)
252 4009 319 4080 sap.
338 4009 379 4064 11.
397 4010 456 4062 aas.
469 4008 512 4061 «1).
