2520 4672
603 355 665 420 249

142 569 229 634 tibus
258 580 404 644 constat,
436 564 636 649 irrationali,
666 588 766 656 quam
793 590 868 631 cum
891 566 1015 634 cunctis
1039 569 1113 634 eni-

139 684 278 752 malibus
306 685 405 750 habet
434 671 657 766 communem,
690 702 724 751 et
750 684 926 770 rationali„
950 711 1016 778 qua
1043 691 1113 754 exi-

138 807 203 871 mie
238 805 335 870 homo
370 804 496 882 existit,
533 819 567 870 et
599 807 691 891 cujus
721 805 819 889 igitur
851 805 963 870 habita
990 808 1114 873 ratione

123 922 272 992 -tivendi
294 939 392 1012 atque
416 922 533 1008 egendi
556 922 630 988 finis
651 925 796 1015 proponi
818 922 917 989 debet
941 923 998 1014 (l).
1036 916 1114 991 Dis'-

140 1044 316 1133 quisitione
338 1042 412 1107 exin
436 1043 584 1138 instituta
612 1043 781 1110 contendit
805 1042 992 1111 Aristoteles
1021 1071 1114 1110 sum-

140 1186 233 1226 mum
254 1162 380 1226 bonum
408 1185 473 1227 esse
503 1149 654 1248 ἐνέργειαν
682 1171 782 1250 ψυχῆς
811 1166 878 1229 κατ’
906 1168 1013 1250 ἀρετὴν
1043 1163 1125 1253 (2),

139 1285 303 1346 actionem
343 1278 391 1370 (3)
425 1284 557 1346 animae
591 1285 714 1347 virtuti
743 1292 981 1368 congruentem.
1027 1283 1114 1350 Haec
1151 1344 1153 1347 .

140 1399 231 1464 enim
263 1403 397 1486 ἐνέργεια
427 1398 572 1479 effectrix
604 1418 653 1468 est
681 1417 714 1466 et
739 1403 811 1491 ipsa
839 1403 933 1492 quusi
961 1403 1116 1468 continua

140 1503 240 1583 series
269 1517 316 1608 (4)
345 1519 473 1585 virtutis
503 1517 628 1604 legibus
662 1519 902 1587 accommodate
934 1519 1112 1606 sactorum,

141 1661 247 1728 quae,
285 1662 390 1728 quum
413 1648 554 1735 μηρίον
579 1663 615 1704 se
640 1645 716 1729 ι’μεα
730 1701 732 1706 ,
745 1633 954 1722 excolantur,
991 1642 1114 1726 egregie

139 1756 268 1842 singula
302 1755 449 1824 indolem
483 1758 657 1842 exhibent,
695 1783 761 1849 qus
797 1760 988 1849 praesertim
1020 1785 1112 1825 sum-

139 1901 234 1941 mum
260 1876 386 1942 bonum
412 1876 613 1963 dignoscitur
644 1875 705 1967 (5).
752 1879 906 1943 Cernitur
940 1896 1047 1943 autem
1078 1880 1115 1943 in
1182 1879 1184 1882 ’

137 1993 204 2060 luae
230 1995 309 2060 boni
336 1997 468 2066 notione
494 1996 617 2088 duplex
642 2000 854 2082 εὐδαιμονίας,
878 1999 1112 2083 beatitudinis,

139 2140 259 2202 genus,
293 2114 430 2182 alterum
462 2116 625 2200 divinum,
660 2116 752 2206 quod
782 2142 822 2183 ex
852 2116 970 2184 virtute
998 2109 1126 2208 perci-⁵

138 2237 234 2326 pitur
262 2238 486 2327 intellectuali
514 2238 604 2325 (sunt
631 2239 718 2302 enim
745 2236 829 2302 duae
855 2238 1013 2302 virtutum
1036 2236 1112 2326 spess
1171 2326 1180 2339 .

141 2356 229 2436 cies,
252 2352 352 2420 altera
379 2378 506 2439 eurum,
531 2381 614 2447 quae
643 2383 661 2421 a
687 2359 812 2422 ratione
839 2356 1111 2446 proficiscuntur,
1134 2344 1142 2385 ¹

139 2477 363 2559 διανοητιιιῶν,
403 2474 503 2541 altera
535 2500 647 2542 earum
684 2501 767 2565 quae
796 2475 838 2540 ad
874 2499 978 2541 mores
1006 2478 1112 2566 perti-

136 2612 237 2678 nent,
266 2600 384 2678 ἠθικῶν
411 2596 501 2685 (6)),
531 2620 663 2686 quoque
687 2597 811 2660 animus
837 2592 977 2676 fruitur,
1001 2605 1111 2685 quan·
1139 2598 1142 2603 '

168 2792 210 2860 (1)
232 2792 317 2842 Arist.
336 2791 443 2844 Nicom.
467 2790 490 2842 I.
508 2793 534 2842 6.
552 2792 578 2841 9.
598 2789 629 2841 C.
642 2790 679 2881 D:
707 2790 787 2842 polit.
806 2788 876 2843 Vll.
897 2791 939 2840 13.
958 2791 1018 2840 441.
1036 2790 1117 2842 C.D.
1139 2834 1141 2839 .

168 2876 211 2943 (2)
234 2875 343 2926 Nicom.
364 2876 387 2927 I.
406 2878 432 2927 6.
450 2878 477 2927 9.
497 2874 529 2925 Ε.

169 2961 210 3030 (3)
232 2963 368 3011 Actionem
386 2978 416 3011 eo
437 2977 530 3024 sensu,
550 2977 604 3028 quo
623 2956 652 3008 lt.
670 2959 690 3008 l.
708 2957 900 3026 intelligimus,
927 2965 1006 3012 vocat
1022 2957 1116 3010 Cicero

134 3060 138 3065 ·
235 3043 290 3094 Off.
312 3043 334 3094 l.
353 3045 379 3094 6.
737 3062 750 3093 ο
1118 3103 1121 3108 ι

169 3126 211 3193 (tx)
235 3124 340 3192 Adjicit
365 3132 507 3192 propterea
534 3133 596 3194 post
623 3125 804 3176 definitionem
832 3143 904 3176 suam
931 3126 1014 3177 Arist.
1043 3127 1070 3177 d.
1097 3128 1117 3177 l.

230 3207 272 3258 ἔτι
293 3207 328 3281 ιίὲἱ
344 3209 372 3258 ἔν
393 3213 448 3276 βίῳ
473 3210 587 3277 τελείῳ,
613 3213 664 3271 μία
690 3211 741 3278 γὰρ
765 3208 883 3275 χελιδὼν
902 3207 952 3278 lug
975 3209 1005 3258 οὐ
1024 3220 1116 3274 ποιεῖ,

231 3288 297 3339 οὐδὲ
322 3293 374 3351 μία
400 3293 497 3360 ἡμέρα·
522 3291 590 3349 οὕτω
611 3291 643 3341 δὲ
662 3290 727 3341 οὐδὲ
745 3292 876 3358 μακάριον
896 3293 944 3340 καὶ
962 3292 1127 3357 εὐδαίμονα..

122 3437 124 3441 ,
206 3402 209 3407 ·
232 3376 283 3432 μία
300 3375 405 3443 ἡμέρα,
426 3375 490 3424 οὐδὲ
507 3376 597 3440 ὀλίγος
611 3377 716 3445 χρόνος.
1228 3359 1232 3368 ¹

144 3456 212 3524 1(5)
234 3442 338 3506 Nicon.
368 3455 404 3506 Χ.
434 3458 459 3506 6.
490 3456 546 3508 [36.
577 3457 608 3508 C.
639 3459 741 3523 δῆλον,
769 3459 811 3508 ὅτι
835 3464 885 3526 τὴν
915 3459 1124 3524 εὐδαιμονίαν,Δ
1164 3520 1171 3533 .

230 3538 285 3587 τῶν
313 3537 492 3604 καθ’ξαὺτάς
520 3541 636 3609 αἱρετῶν
661 3543 724 3590 τινὰ
747 3543 850 3593 θετέον
877 3544 924 3592 καί
950 3542 980 3592 ον’
1003 3544 1056 3593 τῶν
1081 3541 1119 3593 di’

234 3620 310 3670 ἄλλο.
334 3622 448 3679 οὐδενὸς
470 3625 521 3692 γὰρ
543 3624 638 3690 ἐνδεὴς
655 3625 672 3689 ἦ
691 3623 873 3685 εὐδαιμονία,
893 3624 953 3673 ἀλλ’
971 3624 1117 3694 αὐτάρκης·

232 3709 302 3757 καθ’
320 3707 406 3765 αὑτὰς
431 3708 533 3758 δἐίσίν
561 3708 692 3777 αἱρεταί,
719 3707 764 3767 ἀφ’
782 3691 825 3769 ὧν,
836 3706 923 3774 μηδὲν
946 3711 1120 3774 ἐπιζητεῖται

230 3792 373 3861 παρὰζτὴν
392 3792 542 3861 ἐνέργειαν·
562 3795 691 3842 τοιαῦται
713 3794 741 3842 d’
761 3785 832 3843 εἶναι
851 3793 978 3844 δοκοῦσιν
1003 3795 1032 3842 αἱ
1043 3794 1119 3856 Υκατ’

200 3877 202 3881 ’
231 3875 331 3943 ἀρετὴν
353 3875 472 3943 πράξεις·
497 3877 533 3924 τὰ
554 3877 606 3945 γὰρ
633 3877 703 3926 καλὰ
726 3877 774 3925 καὶ
799 3878 939 3928 σπουδαῖα
963 3878 1117 3947 πράττειν,

189 3978 193 4004 :
233 3957 288 4008 τῶν
307 3957 419 4008 διἀὐτὰ
436 3958 563 4027 αἱρετῶν.
600 3959 644 4010 cf.
665 3960 688 4011 l.
707 3962 732 4010 5.
751 3961 776 4011 8.
797 3959 876 4013 C.D.

103 4029 106 4033 ’
173 4045 215 4112 (ο)
236 4040 344 4094 nicom.
364 4041 388 4092 ι.
409 4043 449 4093 13.
470 4044 510 4094 ιι.
531 4044 562 4096 c.
594 4044 633 4097 11.
655 4049 677 4096 1.
698 4045 741 4097 ιν.
759 4045 792 4097 x.
