2520 4672
597 335 661 400 lul.
757 392 761 401 ,

136 544 273 637 dasii>-
320 544 356 612 Si
376 566 455 613 vero
473 558 559 611 totus
580 541 636 609 ille
653 542 798 629 dialogus
820 566 895 611 cum
917 544 1041 636 Hippia
1062 544 1106 613 ad

139 664 245 732 finem
263 666 375 755 nsque
395 678 544 731 accurata
565 661 757 753 inspicitur,
785 663 913 755 patebit
932 686 1002 731 non
1020 688 1105 733 con·

140 783 324 851 sensionem
357 806 429 849 eam
462 783 607 848 omnium
632 782 793 869 gentium,
825 780 883 849 sed
907 781 1108 851 voluntatem
1186 832 1191 841 -

141 898 308 985 divinam,
336 926 419 995 quae
440 901 553 993 poenis
574 898 813 984 manifestatur,
842 926 860 965 a
883 876 1012 968 Socrite
1034 892 1104 971 eri·
1168 916 1170 923 '

141 1021 262 1089 terium
286 1020 418 1105 heberi,
441 1028 510 1113 qu‘o
529 1007 613 1108 leges
635 1027 767 1108 ἄγραφοι
792 1019 1023 1107 dignoscantur
1045 1019 1106 1110 (2).

139 1138 184 1206 Et
218 1138 315 1230 quale
349 1138 430 1221 haec
464 1136 576 1207 divina
609 1137 775 1223 voluntas,
806 1138 834 1206 si
864 1141 925 1207 rite
959 1136 1106 1205 attendi-

140 1242 225 1343 tur,
249 1257 415 1325 criterium
443 1258 516 1325 esti
561 1254 659 1341 Tale,
695 1276 734 1323 nt
766 1258 948 1349 saepissime
980 1258 1107 1326 bonitas

82 1420 87 1431 ·
139 1400 201 1444 seu
234 1378 374 1468 pravitas
411 1375 544 1444 actionis
578 1399 647 1442 non
681 1358 756 1443 vere
792 1376 894 1466 possit
927 1376 1109 1459 aestimari,

138 1512 320 1585 antequam
344 1492 415 1585 ipsa
441 1494 526 1579 actio
551 1511 738 1585 perpetrata
763 1510 822 1560 est.

184 1613 302 1704 Itaque
327 1612 450 1698 egregie
478 1610 654 1695 falluntur,
687 1614 821 1703 opinor,
853 1613 913 1705 qui
938 1610 980 1679 de
1007 1618 1110 1698 νόμοις

137 1730 214 1801 istis
238 1734 383 1820 ἀγράφοις
409 1747 475 1797 tam
495 1730 665 1817 magnifice
693 1745 844 1797 statuant.
888 1730 1022 1821 Neque,
1049 1755 1107 1797 ar·

88 1910 92 1915 .
136 1850 270 1934 bitror,
304 1847 368 1915 fuit
402 1847 573 1927 consilium
607 1849 767 1932 Socratis,
797 1865 836 1916 ut
870 1826 910 1917 eo
944 1868 1112 1942 tamquam
1188 1926 1191 1931 4

139 1968 311 2039 communi
336 1968 486 2053 nomine,
516 1966 699 2055 designaret
724 1967 810 2054 leges
837 1995 856 2035 a
882 1969 1000 2038 naturd
1025 1992 1109 2062 pro-

137 2086 256 2156 fectas.
300 2084 400 2157 Solita
432 2088 535 2181 ipsius
571 2112 647 2157 cum
673 2088 833 2180 Sophiatis
863 2086 1008 2178 adeoque
1036 2110 1113 2154 cuna

139 2207 270 2299 Hippia
294 2203 460 2274 dimicatio
484 2231 523 2274 eo
549 2205 722 2290 tendebat,
753 2225 792 2274 ut
817 2230 876 2303 sua
900 2203 1024 2292 legibus
1050 2228 1110 2271 re-

138 2324 350 2416 linqueretur
381 2327 563 2395 auctoritas.
616 2327 665 2392 Ita
695 2325 758 2393 hac
788 2325 883 2394 etiam
910 2324 1111 2416 opportuni-

142 2462 215 2513 tate
232 2435 380 2536 'prohare
405 2443 528 2528 voluit,
557 2468 624 2512 non
652 2443 756 2511 solum
781 2447 972 2523 constituti,
999 2465 1114 2508 verum

143 2567 302 2631 noiomi
338 2568 375 2629 in
416 2567 553 2646 civitate
597 2567 720 2654 recepti
753 2561 835 2649 juris
877 2558 1114 2663 observantiam

145 2684 276 2753 civibus
309 2706 377 2750 esse
414 2681 526 2750 utilem
561 2707 598 2749 ac
633 2682 927 2750 fructuosissimam.
972 2676 1027 2746 Ad
1060 2679 1112 2744 ci-

113 2894 117 2901 .
142 2802 285 2873 vitatem
309 2800 397 2868 enim
417 2825 519 2892 aeque
542 2801 649 2870 omnia
669 2801 705 2866 in
732 2799 872 2871 Socratis
895 2780 1112 2891 disputatione

141 2918 310 2991 redibant.
501 2979 505 2988 .

191 3038 281 3107 Hinc
307 3036 363 3124 fit,
396 3014 509 3131 quod,
540 3040 805 3132 quandocunque
841 3060 916 3105 cum
951 3032 1112 3126 Sophistis

115 3160 208 3254 41⁰,
224 3161 298 3247 jure
334 3156 594 3250 colloqueretur,
626 3160 662 3226 in
693 3157 836 3246 legitimo
868 3154 1012 3247 (νομίμῳ)
1050 3176 1109 3221 oo-

141 3294 245 3349 natus
259 3278 308 3381 sit
328 3300 459 3345 omnem
479 3277 521 3346 de
542 3282 629 3366 justo
649 3278 786 3368 (δικαίῳ)
810 3274 965 3344 collocare
988 3295 1109 3365 quaes·

172 3597 220 3668 (l)
240 3594 465 3667 Quandoquidem
488 3595 590 3648 scilicet
612 3596 713 3663 primus
738 3595 771 3648 da
786 3593 915 3647 industria
933 3590 1002 3642 hanc
1019 3603 1114 3657 quaes-

236 3681 337 3732 tionem
345 3679 495 3733 tractavisse
506 3679 693 3731 existimandus
706 3682 780 3730 esset.
813 3673 978 3742 Ceteroquin
991 3673 1044 3739 jam
1057 3676 1117 3722 ante

193 3802 196 3807 -
237 3760 493 3830 Socratempoitaa
512 3762 546 3814 de
565 3760 616 3816 hac
633 3762 800 3815 consensione
817 3759 933 3829 gentium
948 3760 1114 3807 monuerant.
1188 3820 1191 3827 Ι

237 3834 289 3897 Cl‘.
309 3842 459 3913 ‚Sophoclis
483 3853 510 3898 et
531 3846 654 3913 inprimis
680 3843 848 3915 Empedoclis
865 3858 957 3919 versus
979 3840 1025 3892 cit.
1044 3838 1115 3909 apud
1175 3856 1178 3863 ¹

189 3950 195 3969 “·
223 3930 350 3985 hisloi.
367 3930 447 3984 lllret.
464 3930 499 3984 la.
518 3934 545 3985 l.
561 3932 593 3984 C.
613 3935 654 3984 13.

167 4014 220 4085 (Ἄ)
240 4012 293 4069 Cli.
309 4016 440 4088 imprimis
458 4017 518 4087 §.⁹
554 4034 594 4085 sq.
613 4023 639 4069 et
656 4015 701 4067 24.-

964 4112 1000 4177 ll
