2490 4672
591 281 631 348 51

145 486 275 556 damnum
300 491 421 578 injuria
448 488 563 557 datum
590 492 738 580 reparari
765 514 833 557 non
855 495 993 583 posset?
1029 487 1089 561 ec·-

92 662 99 692 „
150 608 306 698 quisimam
337 610 399 676 sihi
436 610 495 676 visi
530 626 608 674 sunt
638 626 671 674 et
700 601 967 711 sImplicissimam
993 608 1094 693 simul,

155 727 319 820 minimeque
343 727 479 795 dubiam
500 726 662 795 vindictae
680 726 824 814 regulam
838 727 1089 820 deprehendisse

151 844 239 938 inpar
265 848 337 939 pari
364 845 545 914 referendo.
590 847 665 912 Non
693 845 849 937 equidem
875 848 1009 930 ignoro,
1033 862 1086 911 ta-
1150 889 1152 893 <

102 1010 104 1015 ,
140 960 237 1031 ,lienem
261 967 394 1058 proprie
419 960 500 1032 ,non'
527 963 569 1031 ad
596 989 718 1056 poenas
757 963 963 1032 referendam
999 988 1086 1046 esse,

92 1124 96 1162 2
124 1096 127 1101 '
151 1105 207 1174 quae
231 1085 299 1152 scil,
324 1086 458 1171 cogitari
481 1109 548 1151 non
575 1102 733 1176 possunt,
755 1085 819 1149 uisi
842 1084 979 1153 civitatis
1003 1108 1086 1152 auc-

149 1203 247 1270 toritate
290 1206 504 1271 constitutae:
542 1203 606 1270 hoc
647 1202 721 1270 loco
763 1222 871 1270 temen
909 1227 981 1270 eam
1019 1226 1089 1269 non

117 1308 121 1317 ¹
147 1322 439 1410 praetermittendam
461 1347 529 1391 esse
558 1324 687 1405 censui,
712 1339 782 1388 tum
809 1323 966 1411 quoniam
989 1322 1088 1413 prin·

147 1439 222 1530 cipale
246 1440 502 1508 fundamentum
524 1458 573 1508 est
597 1442 750 1530 autiquae
772 1437 977 1524 legislationis
1001 1464 1087 1531 poe-

145 1556 203 1625 nal'n
233 1560 303 1652 (l),
335 1580 406 1627 tum
442 1560 601 1650 quoniam
635 1552 765 1626 omnem
791 1558 984 1627 vindicandi
1009 1562 1090 1646 juris
1184 1622 1186 1627 ,

146 1678 179 1744 sni
198 1677 400 1763 facultatem,
438 1680 573 1769 privatis
614 1677 678 1743 sive
716 1674 866 1743 relictam
901 1678 966 1744 sive
981 1689 987 1708 ’
1005 1680 1088 1745 con·

146 1818 237 1864 cuam
263 1822 304 1864 ex
332 1822 370 1863 ea
395 1785 662 1864 dimetiebantur.
708 1794 802 1884 Quid
829 1793 929 1863 fuerit
955 1798 1007 1880 jus
1034 1811 1087 1863 ta·

143 1908 212 1981 lionis
245 1933 280 1983 et
316 1911 436 2007 quibus
465 1914 588 1981 finibus
625 1911 849 2005 descriptum,
886 1916 995 2006 ipsum
1024 1938 1089 1982 no·

144 2053 198 2099 nen
223 2034 408 2121 significate
446 2051 580 2100 testatur
608 2049 775 2124 praeterea
811 2030 878 2102 tota
915 2033 1090 2122 antiquitas

114 2149 220 2249 odeo,
249 2172 288 2223 ut
315 2150 471 2244 exemplis
497 2149 583 2219 illud
605 2150 767 2218 illustrare
795 2150 1002 2242 superfluum
1028 2152 1087 2218 sit:

146 2289 232 2340 terum
272 2294 516 2362 nonnunquam
555 2250 760 2362 particulari·
781 2271 985 2362 maximeque
1017 2296 1089 2338 me-

146 2388 267 2456 morabili
303 2387 409 2455 forme
451 2414 483 2454 se
525 2387 627 2455 oculis
656 2386 773 2454 nostris
810 2388 922 2472 offert,
960 2388 1091 2479 qualem

146 2503 247 2576 silentio
274 2510 451 2601 praeterire
487 2531 556 2573 nou
587 2502 768 2599 possumus.
827 2508 991 2597 Imprimis
1010 2509 1091 2582 ,hoc

143 2629 261 2714 pertinet
307 2626 349 2692 ad
369 2621 627 2708 homicidium,
665 2623 775 2715 quod,
813 2625 960 2714 quemvis
1001 2625 1091 2717 apud

142 2743 238 2836 nultos
272 2744 415 2837 populos
451 2744 629 2811 diutissime
667 2744 812 2834 privatae
844 2741 962 2812 idtioni
987 2743 1090 2815 relic·
1130 2823 1133 2829 Ι

134 2844 212 2949 ¹tum,
243 2883 354 2932 tamen
380 2868 449 2952 ejus
476 2864 601 2950 generis
628 2863 705 2946 sit‚·
726 2880 764 2930 ut
797 2865 932 2954 proprie
958 2866 1005 2930 sic
1032 2864 1089 2933 di-

134 2982 224 3049 cenda
271 2981 398 3049 talionis
447 3007 553 3074 poena
594 3006 662 3049 non
712 2983 859 3073 potuerit
907 2962 1089 3066 vindicari,

92 3138 112 3201 ιι
123 3100 254 3215 physici
296 3102 366 3169 scil.
402 3100 555 3168 facultate
596 3098 682 3168 laeso
714 3101 868 3192 adempte
904 3103 957 3187 jus
994 3125 1091 3170 suum

118 3220 369 3316 persequendi.v
394 3218 627 3288 Difficultatem
658 3209 746 3288 hanc
782 3218 914 3287 sustulit
948 3218 1088 3289 familia-

114 3366 192 3413 rum
220 3339 389 3423 vinculum
416 3338 515 3431 atque
556 3340 682 3423 effecit,
720 3358 758 3407 ut
799 3343 858 3431 qui
899 3365 973 3410 vere
1014 3341 1091 3411 laesi

141 3576 189 3646 (1)
212 3573 302 3638 Hinc,
329 3574 401 3642 apud
420 3570 538 3626 Graecos
555 3592 583 3627 v.
602 3591 644 3638 c.,
672 3590 762 3655 omnes
780 3591 875 3654 voces,
902 3593 969 3646 quae
983 3591 1095 3654 menam
1154 3567 1159 3578 “

102 3749 105 3753 ,
193 3643 340 3776 ‚tetus
349 3639 961 3779 ittihtthmltltttttlettttttt?
975 3661 1096 3766 tlte:

211 3781 330 3832 dandum
348 3788 483 3847 praeterea
500 3782 589 3833 estad
610 3781 666 3834 vim
684 3782 876 3836 vocabulorum
893 3781 1095 3836 Homericorum

208 3849 338 3907 ἀνάτιτος
364 3850 456 3918 (Iliad.
481 3849 592 3902 XXIV.
615 3850 685 3915 213,
713 3850 812 3919 Odyss.
836 3848 933 3901 Xth.
958 3853 1009 3917 51,
1034 3854 1092 3922 60.)

208 3917 504 4045 ffidhvlgghwdm
525 3919 549 3974 l.
565 3918 640 3989 379.)
668 3927 695 3973 et
714 3919 840 3972 Hesiodei
853 3917 970 3988 ’ἀμοίβη
993 3920 1047 3991 op.
1068 3929 1095 3973 et

117 4028 121 4036 .
245 4005 311 4043 -ru
365 4037 368 4040 ,
474 4039 478 4044 .

899 4061 981 4132 .4*
