2520 4672
629 331 721 397 243'
809 394 813 401 .

164 542 272 610 rendi.
316 542 419 633 Saepe
442 541 501 624 lit,
524 558 561 609 ut
581 563 657 609 cum
679 540 839 610 rationem
862 544 929 627 jam
951 546 1141 635 praescrip-

160 664 261 744 serit,
298 687 365 752 qua
401 661 569 730 materiem
602 658 746 750 aliquam
782 677 921 729 tractare
958 663 1021 728 sibi
1057 689 1139 754 pro-

162 783 341 873 posuisset,
385 783 421 846 in
462 782 669 871 repentinam
710 777 877 870 quandem
913 779 1040 846 incidat
1076 779 1159 878 ali-⁵

157 906 254 988 cujus
280 900 396 992 placiti
424 899 779 982 commemorationem,
816 923 855 965 ac
892 901 986 989 quasi
1016 901 1138 971 invitus

157 1022 195 1085 in
221 1019 330 1085 media
357 1020 407 1087 via
438 1016 608 1085 consilium
635 1034 741 1084 mutet
764 1018 826 1107 (l).

205 1137 272 1205 Sed
310 1139 350 1204 ab
389 1135 489 1202 altera
519 1153 612 1227 parte
641 1134 735 1203 decet
762 1153 854 1221 grato
880 1138 989 1204 animo
1015 1140 1159 1224 iugem.

159 1273 228 1322 tem
255 1254 462 1349 perpendere
498 1255 688 1339 utilitatem,
727 1280 810 1346 quae
846 1280 885 1322 ex
921 1255 1035 1322 eadem
1075 1257 1138 1325 bec

159 1401 258 1443 causa
291 1377 468 1467 sapientiae
507 1374 616 1442 studio
648 1374 816 1465 profluxit.
861 1375 931 1463 Qui
962 1376 1049 1445 enim
1075 1400 1135 1447 su·

129 1485 326 1586 'periurum
358 1492 630 1584 pbilosophorum
663 1509 756 1559 acute
791 1516 916 1560 errores
943 1492 1134 1584 depreben—
1167 1561 1168 1564 ,
1219 1532 1220 1535 =

156 1612 272 1697 deret,
308 1636 511 1704 summopere
541 1614 640 1695 cavit,
677 1635 719 1677 ne
757 1611 946 1686 eorumdem
981 1615 1135 1681 vitiorum

157 1757 235 1799 reus
257 1731 432 1815 evaderet,
463 1749 498 1799 et
532 1733 569 1797 in
594 1728 705 1801 multis
733 1729 815 1796 adeo
841 1731 939 1798 rebus
965 1732 1027 1797 sibi
1051 1755 1132 1821 pos-

155 1854 303 1943 terisque
343 1876 461 1920 novam
502 1875 541 1917 ac
576 1848 830 1940 probabiliorem
864 1850 949 1918 viam
981 1851 1132 1919 munivit.

157 1972 231 2038 Hoc
271 1972 432 2063 imprimis
471 1970 535 2061 ipsi
576 1967 772 2059 displicebat
813 1970 849 2033 in
886 1986 1033 2036 veterum
1061 1967 1133 2037 dis-
1238 2018 1242 2024 -

155 2091 408 2181 quisitionibus,
435 2087 527 2180 quod
555 2078 758 2175 singularum
785 2087 1037 2178 disciplinarum
1065 2112 1134 2157 non
1197 2157 1200 2164 ,

154 2210 233 2284 satie
261 2207 403 2276 diversas
434 2206 662 2299 disposuerant
688 2207 846 2290 rationes,-
876 2209 987 2296 itaque
1014 2209 1134 2281 mirum

152 2329 192 2394 in
237 2326 374 2395 modum
421 2328 697 2397 conturbaverant
737 2327 806 2399 veri
842 2326 1146 2411 investigationem?

155 2448 336 2518 Acciderat
370 2448 436 2515 boc
471 2446 639 2540 duplicem
675 2448 718 2513 ob
750 2448 898 2528 causam,
938 2427 1072 2515 alteram
1097 2448 1134 2518 in

136 2569 385 2662 ,disputationis
417 2585 507 2636 recte
542 2566 743 2635 ordinandae
771 2567 848 2634 artis
875 2562 1006 2631 delectu
1039 2564 1131 2653 posi·
1198 2634 1204 2646 ,

156 2705 245 2771 tam,
279 2687 415 2754 alteram
448 2690 484 2753 in
517 2687 631 2774 ¹studio
661 2684 936 2779 pbilosophorum
962 2709 1030 2750 uno
1056 2708 1130 2751 om-

154 2831 234 2873 nem
260 2806 447 2904 doctrinam
482 2824 515 2872 et
532 2778 713 2897 ’physicam
739 2822 773 2872 et
806 2805 948 2872 ethicam
975 2827 1129 2893 compre-

153 2924 326 2994 hendendi
365 2925 544 3018 principio.
603 2922 794 2992 Aristoteles
830 2948 898 3014 quo
933 2923 1033 3009 magis
1067 2923 1132 2990 boc
1184 2995 1186 2998 Α

152 3044 304 3112 studium
335 3045 534 3136 improbavit
563 3044 778 3135 (improbavit
814 3061 924 3113 autem
949 3042 1127 3113 vehemen-

152 3166 293 3232 tissime:
326 3163 406 3230 hinc
437 3163 651 3255 Pythagorae
665 3186 817 3229 numeros
845 3166 900 3229 οὐκ
927 3165 1041 3231 οἰκείαν
1065 3167 1130 3232 τῶν

150 3288 270 3372 ἀρετῶν
300 3284 433 3368 θεωρίαν
464 3266 669 3372 nuncbpavit
698 3281 767 3371 (2),
808 3280 888 3347 binc
916 3278 1128 3372 reprehendit
1180 3325 1181 3328 =

148 3401 339 3484 Platonem,
363 3397 454 3490 quod
483 3425 558 3467 cum
582 3403 769 3490 quaestione
801 3400 843 3469 de
871 3402 1015 3468 moribus
1042 3398 1127 3467 illud

126 3568 130 3573 ι
179 3599 226 3677 ι(1)
247 3595 290 3648 Cf.
310 3597 461 3649 Fiilleborn
480 3595 589 3650 Einleit.
609 3617 634 3649 z.
655 3599 738 3650 Arist.
758 3599 840 3651 Polit.
858 3600 951 3658 iibere.
970 3613 1024 3650 rou
1043 3593 1134 3651 Gerre

154 3727 156 3730 .
246 3697 274 3746 p.
294 3681 319 3731 7.
338 3697 400 3748 sqq.
423 3701 425 3704 ’

178 3762 222 3832 (2)
244 3763 328 3814 Arist.
355 3763 444 3832 Magn.
472 3764 544 3817 Mor.
573 3765 652 3829 1.,1.
681 3767 739 3816 145.
763 3762 795 3816 C.
825 3763 980 3815 iterandum
998 3759 1129 3815 hocloco

241 3846 330 3912 duco,
349 3865 392 3898 me
412 3865 487 3901 usum
504 3865 558 3900 csse
576 3845 650 3898 Edit.
666 3847 778 3900 Duvall.
796 3846 879 3910 1629,
901 3845 1007 3914 quando
1022 3843 1132 3913 quidem

241 3929 270 3981 in
288 3929 370 3982 arnt.
389 3931 457 3982 libb.
477 3932 608 4001 captata
624 3929 815 4000 denegatum
835 3928 1014 3996 maximopere
1030 3925 1133 3981 lisere.
1191 3917 1194 3926 “

152 4042 155 4059 =
237 4019 309 4085 ,pant
323 4013 462 4068 editiones.

920 4110 923 4118 “
947 4079 1016 4182 ta*
