<?xml version="1.0" encoding="UTF-8"?>
<!DOCTYPE html PUBLIC "-//W3C//DTD XHTML 1.0 Transitional//EN"
    "http://www.w3.org/TR/xhtml1/DTD/xhtml1-transitional.dtd">
<html xmlns="http://www.w3.org/1999/xhtml" xml:lang="en" lang="en">
 <head>
  <title>
</title>
<meta http-equiv="Content-Type" content="text/html;charset=utf-8" />
  <meta name='ocr-system' content='tesseract 3.04.00' />
  <meta name='ocr-capabilities' content='ocr_page ocr_carea ocr_par ocr_line ocrx_word'/>
</head>
<body>
  <div class='ocr_page' id='page_1' title='image "./historiaphiloso00vedegoog/historiaphiloso00vedegoog_0119.png"; bbox 0 0 2520 4672; ppageno 0'>
   <div class='ocr_carea' id='block_1_1' title="bbox 592 316 651 386">
    <p class='ocr_par' dir='ltr' id='par_1_1' title="bbox 592 316 651 386">
     <span class='ocr_line' id='line_1_1' title="bbox 592 316 651 386; baseline 0 -2"><span class='ocrx_word' id='word_1_1' title='bbox 592 316 651 386; x_wconf 84' lang='lat'><strong>107</strong></span> 
     </span>
    </p>
   </div>
   <div class='ocr_carea' id='block_1_2' title="bbox 98 516 1215 1334">
    <p class='ocr_par' dir='ltr' id='par_1_2' title="bbox 98 516 1215 1334">
     <span class='ocr_line' id='line_1_2' title="bbox 137 516 1215 624; baseline -0.002 -26"><span class='ocrx_word' id='word_1_2' title='bbox 137 557 240 624; x_wconf 80' lang='lat' dir='ltr'><strong>quam</strong></span> <span class='ocrx_word' id='word_1_3' title='bbox 279 530 487 618; x_wconf 81' lang='lat' dir='ltr'><strong>jactitabant,</strong></span> <span class='ocrx_word' id='word_1_4' title='bbox 525 544 593 594; x_wconf 80' lang='lat' dir='ltr'><strong>erte</strong></span> <span class='ocrx_word' id='word_1_5' title='bbox 630 526 672 593; x_wconf 89' lang='lat' dir='ltr'><strong>de</strong></span> <span class='ocrx_word' id='word_1_6' title='bbox 710 549 906 620; x_wconf 84' lang='lat' dir='ltr'><strong>quacunque</strong></span> <span class='ocrx_word' id='word_1_7' title='bbox 934 552 969 596; x_wconf 88' lang='lat' dir='ltr'><strong>re</strong></span> <span class='ocrx_word' id='word_1_8' title='bbox 995 522 1030 595; x_wconf 84' lang='lat' dir='ltr'><strong>in</strong></span> <span class='ocrx_word' id='word_1_9' title='bbox 1057 553 1106 596; x_wconf 84' lang='lat' dir='ltr'><strong>n·.</strong></span> <span class='ocrx_word' id='word_1_10' title='bbox 1212 516 1215 523; x_wconf 39' lang='lat'>¹</span> 
     </span>
     <span class='ocr_line' id='line_1_3' title="bbox 138 645 1101 743; baseline -0.003 -24"><span class='ocrx_word' id='word_1_11' title='bbox 138 670 291 743; x_wconf 83' lang='lat' dir='ltr'><strong>tromque</strong></span> <span class='ocrx_word' id='word_1_12' title='bbox 323 645 513 741; x_wconf 80' lang='lat' dir='ltr'><strong>disputandi</strong></span> <span class='ocrx_word' id='word_1_13' title='bbox 539 664 684 739; x_wconf 81' lang='lat' dir='ltr'><strong>portem,</strong></span> <span class='ocrx_word' id='word_1_14' title='bbox 709 646 799 739; x_wconf 87' lang='lat' dir='ltr'><strong>quod</strong></span> <span class='ocrx_word' id='word_1_15' title='bbox 826 647 957 718; x_wconf 80' lang='lat' dir='ltr'><strong>artificii</strong></span> <span class='ocrx_word' id='word_1_16' title='bbox 983 674 1101 736; x_wconf 84' lang='lat' dir='ltr'><strong>genus,</strong></span> 
     </span>
     <span class='ocr_line' id='line_1_4' title="bbox 138 763 1100 857; baseline -0.002 -20"><span class='ocrx_word' id='word_1_17' title='bbox 138 770 223 837; x_wconf 89' lang='lat' dir='ltr'><strong>dum</strong></span> <span class='ocrx_word' id='word_1_18' title='bbox 249 793 370 837; x_wconf 85' lang='lat' dir='ltr'><strong>novum</strong></span> <span class='ocrx_word' id='word_1_19' title='bbox 395 784 463 851; x_wconf 87' lang='lat' dir='ltr'><strong>est,</strong></span> <span class='ocrx_word' id='word_1_20' title='bbox 486 763 614 856; x_wconf 84' lang='lat' dir='ltr'><strong>plecet3</strong></span> <span class='ocrx_word' id='word_1_21' title='bbox 645 764 735 857; x_wconf 88' lang='lat' dir='ltr'><strong>quod</strong></span> <span class='ocrx_word' id='word_1_22' title='bbox 761 783 884 850; x_wconf 81' lang='lat' dir='ltr'><strong>nutem,</strong></span> <span class='ocrx_word' id='word_1_23' title='bbox 907 791 975 857; x_wconf 88' lang='lat' dir='ltr'><strong>quo</strong></span> <span class='ocrx_word' id='word_1_24' title='bbox 1001 766 1100 835; x_wconf 85' lang='lat' dir='ltr'><strong>lucu-</strong></span> 
     </span>
     <span class='ocr_line' id='line_1_5' title="bbox 135 884 1104 985; baseline -0.002 -29"><span class='ocrx_word' id='word_1_25' title='bbox 135 886 260 956; x_wconf 86' lang='lat' dir='ltr'><strong>lentius</strong></span> <span class='ocrx_word' id='word_1_26' title='bbox 299 888 371 978; x_wconf 85' lang='lat' dir='ltr'><strong>ipso</strong></span> <span class='ocrx_word' id='word_1_27' title='bbox 410 884 671 977; x_wconf 82' lang='lat' dir='ltr'><strong>perfungantur,</strong></span> <span class='ocrx_word' id='word_1_28' title='bbox 707 909 746 952; x_wconf 85' lang='lat' dir='ltr'><strong>eo</strong></span> <span class='ocrx_word' id='word_1_29' title='bbox 785 887 884 972; x_wconf 73' lang='lat' dir='ltr'><strong>magis</strong></span> <span class='ocrx_word' id='word_1_30' title='bbox 923 904 1104 985; x_wconf 75' lang='lat' dir='ltr'><strong>suspectam</strong></span> 
     </span>
     <span class='ocr_line' id='line_1_6' title="bbox 135 1003 1102 1091; baseline -0.002 -17"><span class='ocrx_word' id='word_1_31' title='bbox 135 1005 251 1075; x_wconf 78' lang='lat' dir='ltr'><strong>reddit</strong></span> <span class='ocrx_word' id='word_1_32' title='bbox 271 1023 435 1073; x_wconf 83' lang='lat' dir='ltr'><strong>erutorum</strong></span> <span class='ocrx_word' id='word_1_33' title='bbox 456 1005 682 1091; x_wconf 81' lang='lat' dir='ltr'><strong>integritatem.</strong></span> <span class='ocrx_word' id='word_1_34' title='bbox 728 1003 858 1071; x_wconf 84' lang='lat' dir='ltr'><strong>Talium</strong></span> <span class='ocrx_word' id='word_1_35' title='bbox 873 1008 1016 1072; x_wconf 86' lang='lat' dir='ltr'><strong>virorum</strong></span> <span class='ocrx_word' id='word_1_36' title='bbox 1030 1030 1102 1083; x_wconf 79' lang='lat' dir='ltr'><strong>mc·-</strong></span> 
     </span>
     <span class='ocr_line' id='line_1_7' title="bbox 98 1110 1102 1209; baseline 0 -18"><span class='ocrx_word' id='word_1_37' title='bbox 98 1133 101 1139; x_wconf 88' lang='lat'>&#39;</span> <span class='ocrx_word' id='word_1_38' title='bbox 136 1123 294 1192; x_wconf 77' lang='lat' dir='ltr'><strong>nifestnm</strong></span> <span class='ocrx_word' id='word_1_39' title='bbox 333 1110 382 1190; x_wconf 77' lang='lat' dir='ltr'><strong>est</strong></span> <span class='ocrx_word' id='word_1_40' title='bbox 416 1110 639 1190; x_wconf 79' lang='lat' dir='ltr'><strong>auctoritatem</strong></span> <span class='ocrx_word' id='word_1_41' title='bbox 674 1147 740 1189; x_wconf 89' lang='lat' dir='ltr'><strong>esse</strong></span> <span class='ocrx_word' id='word_1_42' title='bbox 776 1122 924 1190; x_wconf 84' lang='lat' dir='ltr'><strong>fictitiam</strong></span> <span class='ocrx_word' id='word_1_43' title='bbox 955 1141 1102 1209; x_wconf 79' lang='lat' dir='ltr'><strong>tantum,</strong></span> 
     </span>
     <span class='ocr_line' id='line_1_8' title="bbox 139 1241 1103 1334; baseline 0 -25"><span class='ocrx_word' id='word_1_44' title='bbox 139 1267 225 1334; x_wconf 82' lang='lat' dir='ltr'><strong>quae</strong></span> <span class='ocrx_word' id='word_1_45' title='bbox 247 1241 315 1310; x_wconf 92' lang='lat' dir='ltr'><strong>solo</strong></span> <span class='ocrx_word' id='word_1_46' title='bbox 335 1243 706 1329; x_wconf 79' lang='lat' dir='ltr'><strong>ingenio‘sustentetur,</strong></span> <span class='ocrx_word' id='word_1_47' title='bbox 729 1259 782 1326; x_wconf 87' lang='lat' dir='ltr'><strong>et,</strong></span> <span class='ocrx_word' id='word_1_48' title='bbox 805 1241 937 1309; x_wconf 81' lang='lat' dir='ltr'><strong>simulne</strong></span> <span class='ocrx_word' id='word_1_49' title='bbox 957 1242 1022 1309; x_wconf 89' lang='lat' dir='ltr'><strong>hoe</strong></span> <span class='ocrx_word' id='word_1_50' title='bbox 1040 1241 1103 1309; x_wconf 84' lang='lat' dir='ltr'><strong>de-</strong></span> 
     </span>
    </p>
   </div>
   <div class='ocr_carea' id='block_1_3' title="bbox 136 1359 1105 1459">
    <p class='ocr_par' dir='ltr' id='par_1_3' title="bbox 136 1359 1105 1459">
     <span class='ocr_line' id='line_1_9' title="bbox 136 1359 1105 1459; baseline -0.001 -30"><span class='ocrx_word' id='word_1_51' title='bbox 136 1371 207 1429; x_wconf 79' lang='lat' dir='ltr'><strong>e&#39;sse</strong></span> <span class='ocrx_word' id='word_1_52' title='bbox 229 1362 387 1453; x_wconf 74' lang='lat' dir='ltr'><strong>incipiat,</strong></span> <span class='ocrx_word' id='word_1_53' title='bbox 408 1359 560 1428; x_wconf 79' lang='lat' dir='ltr'><strong>facillime</strong></span> <span class='ocrx_word' id='word_1_54' title='bbox 585 1359 697 1427; x_wconf 83' lang='lat' dir='ltr'><strong>dilabi.</strong></span> <span class='ocrx_word' id='word_1_55' title='bbox 742 1360 971 1452; x_wconf 84' lang='lat' dir='ltr'><strong>Sophistarum</strong></span> <span class='ocrx_word' id='word_1_56' title='bbox 992 1363 1105 1459; x_wconf 85' lang='lat' dir='ltr'><strong>itaque</strong></span> 
     </span>
    </p>
   </div>
   <div class='ocr_carea' id='block_1_4' title="bbox 135 1479 1210 3233">
    <p class='ocr_par' dir='ltr' id='par_1_4' title="bbox 135 1479 1210 3233">
     <span class='ocr_line' id='line_1_10' title="bbox 136 1479 1106 1571; baseline 0 -24"><span class='ocrx_word' id='word_1_57' title='bbox 136 1480 225 1547; x_wconf 76' lang='lat' dir='ltr'><strong>lema</strong></span> <span class='ocrx_word' id='word_1_58' title='bbox 259 1479 541 1548; x_wconf 84' lang='lat' dir='ltr'><strong>vehementissimo</strong></span> <span class='ocrx_word' id='word_1_59' title='bbox 579 1503 613 1546; x_wconf 89' lang='lat' dir='ltr'><strong>se</strong></span> <span class='ocrx_word' id='word_1_60' title='bbox 647 1481 719 1571; x_wconf 83' lang='lat' dir='ltr'><strong>ipse</strong></span> <span class='ocrx_word' id='word_1_61' title='bbox 754 1480 823 1546; x_wconf 89' lang='lat' dir='ltr'><strong>ictu</strong></span> <span class='ocrx_word' id='word_1_62' title='bbox 857 1479 993 1570; x_wconf 84' lang='lat' dir='ltr'><strong>petivit,</strong></span> <span class='ocrx_word' id='word_1_63' title='bbox 1030 1504 1106 1547; x_wconf 89' lang='lat' dir='ltr'><strong>cum</strong></span> 
     </span>
     <span class='ocr_line' id='line_1_11' title="bbox 137 1594 1104 1689; baseline -0.005 -21"><span class='ocrx_word' id='word_1_64' title='bbox 137 1598 260 1683; x_wconf 84' lang='lat' dir='ltr'><strong>rudes,</strong></span> <span class='ocrx_word' id='word_1_65' title='bbox 276 1596 384 1666; x_wconf 84' lang='lat' dir='ltr'><strong>frivoli</strong></span> <span class='ocrx_word' id='word_1_66' title='bbox 406 1615 439 1665; x_wconf 91' lang='lat' dir='ltr'><strong>et</strong></span> <span class='ocrx_word' id='word_1_67' title='bbox 452 1599 557 1689; x_wconf 85' lang='lat' dir='ltr'><strong>inepti</strong></span> <span class='ocrx_word' id='word_1_68' title='bbox 569 1597 771 1665; x_wconf 84' lang='lat' dir='ltr'><strong>homunculi</strong></span> <span class='ocrx_word' id='word_1_69' title='bbox 781 1594 1005 1664; x_wconf 70' lang='lat' dir='ltr'><strong>audacissimus</strong></span> <span class='ocrx_word' id='word_1_70' title='bbox 1026 1622 1104 1664; x_wconf 90' lang='lat' dir='ltr'><strong>sen·</strong></span> 
     </span>
     <span class='ocr_line' id='line_1_12' title="bbox 138 1715 1106 1810; baseline -0.004 -22"><span class='ocrx_word' id='word_1_71' title='bbox 138 1719 277 1802; x_wconf 82' lang='lat' dir='ltr'><strong>tentius,</strong></span> <span class='ocrx_word' id='word_1_72' title='bbox 307 1715 400 1784; x_wconf 92' lang='lat' dir='ltr'><strong>nullo</strong></span> <span class='ocrx_word' id='word_1_73' title='bbox 430 1740 538 1810; x_wconf 89' lang='lat' dir='ltr'><strong>neque</strong></span> <span class='ocrx_word' id='word_1_74' title='bbox 565 1715 628 1784; x_wconf 81' lang='lat' dir='ltr'><strong>sale</strong></span> <span class='ocrx_word' id='word_1_75' title='bbox 665 1715 809 1785; x_wconf 84' lang='lat' dir='ltr'><strong>conditus</strong></span> <span class='ocrx_word' id='word_1_76' title='bbox 841 1741 948 1808; x_wconf 86' lang='lat' dir='ltr'><strong>neque</strong></span> <span class='ocrx_word' id='word_1_77' title='bbox 975 1718 1106 1808; x_wconf 81' lang='lat' dir='ltr'><strong>pumice</strong></span> 
     </span>
     <span class='ocr_line' id='line_1_13' title="bbox 135 1834 1108 1931; baseline 0.002 -27"><span class='ocrx_word' id='word_1_78' title='bbox 135 1835 274 1931; x_wconf 79' lang='lat' dir='ltr'><strong>politus,</strong></span> <span class='ocrx_word' id='word_1_79' title='bbox 298 1853 418 1903; x_wconf 90' lang='lat' dir='ltr'><strong>temere</strong></span> <span class='ocrx_word' id='word_1_80' title='bbox 434 1836 636 1927; x_wconf 81' lang='lat' dir='ltr'><strong>proferrent:</strong></span> <span class='ocrx_word' id='word_1_81' title='bbox 659 1834 812 1906; x_wconf 81' lang='lat' dir='ltr'><strong>viderunt</strong></span> <span class='ocrx_word' id='word_1_82' title='bbox 825 1836 970 1903; x_wconf 91' lang='lat' dir='ltr'><strong>homines</strong></span> <span class='ocrx_word' id='word_1_83' title='bbox 984 1836 1108 1906; x_wconf 82' lang='lat' dir='ltr'><strong>nudum</strong></span> 
     </span>
     <span class='ocr_line' id='line_1_14' title="bbox 138 1953 1106 2047; baseline -0.001 -22"><span class='ocrx_word' id='word_1_84' title='bbox 138 1954 312 2025; x_wconf 80' lang='lat' dir='ltr'><strong>ostendere</strong></span> <span class='ocrx_word' id='word_1_85' title='bbox 330 1953 430 2021; x_wconf 85' lang='lat' dir='ltr'><strong>solam</strong></span> <span class='ocrx_word' id='word_1_86' title='bbox 450 1980 484 2023; x_wconf 88' lang='lat' dir='ltr'><strong>se</strong></span> <span class='ocrx_word' id='word_1_87' title='bbox 505 1979 598 2047; x_wconf 88' lang='lat' dir='ltr'><strong>posse</strong></span> <span class='ocrx_word' id='word_1_88' title='bbox 613 1956 798 2041; x_wconf 79' lang='lat' dir='ltr'><strong>veritatem,</strong></span> <span class='ocrx_word' id='word_1_89' title='bbox 822 1954 1030 2039; x_wconf 80' lang='lat' dir='ltr'><strong>mendacium</strong></span> <span class='ocrx_word' id='word_1_90' title='bbox 1042 1955 1106 2024; x_wconf 86' lang='lat' dir='ltr'><strong>de·</strong></span> 
     </span>
     <span class='ocr_line' id='line_1_15' title="bbox 137 2073 1108 2166; baseline 0 -24"><span class='ocrx_word' id='word_1_91' title='bbox 137 2073 284 2143; x_wconf 72' lang='lat' dir='ltr'><strong>siderare</strong></span> <span class='ocrx_word' id='word_1_92' title='bbox 313 2074 438 2160; x_wconf 76' lang='lat' dir='ltr'><strong>ingenii</strong></span> <span class='ocrx_word' id='word_1_93' title='bbox 464 2091 630 2166; x_wconf 80' lang='lat' dir='ltr'><strong>tamquam</strong></span> <span class='ocrx_word' id='word_1_94' title='bbox 658 2077 821 2142; x_wconf 82' lang='lat' dir='ltr'><strong>amictum.</strong></span> <span class='ocrx_word' id='word_1_95' title='bbox 874 2074 933 2141; x_wconf 86' lang='lat' dir='ltr'><strong>Est</strong></span> <span class='ocrx_word' id='word_1_96' title='bbox 960 2073 1108 2164; x_wconf 82' lang='lat' dir='ltr'><strong>profecto</strong></span> 
     </span>
     <span class='ocr_line' id='line_1_16' title="bbox 138 2188 1210 2282; baseline -0.001 -22"><span class='ocrx_word' id='word_1_97' title='bbox 138 2192 192 2260; x_wconf 87' lang='lat' dir='ltr'><strong>nil</strong></span> <span class='ocrx_word' id='word_1_98' title='bbox 212 2191 446 2259; x_wconf 80' lang='lat' dir='ltr'><strong>intolerabilius</strong></span> <span class='ocrx_word' id='word_1_99' title='bbox 470 2193 537 2258; x_wconf 88' lang='lat' dir='ltr'><strong>istis</strong></span> <span class='ocrx_word' id='word_1_100' title='bbox 568 2193 774 2275; x_wconf 89' lang='lat' dir='ltr'><strong>hominihus,</strong></span> <span class='ocrx_word' id='word_1_101' title='bbox 798 2192 857 2282; x_wconf 88' lang='lat' dir='ltr'><strong>qui</strong></span> <span class='ocrx_word' id='word_1_102' title='bbox 886 2216 949 2282; x_wconf 87' lang='lat' dir='ltr'><strong>pro</strong></span> <span class='ocrx_word' id='word_1_103' title='bbox 978 2193 1109 2279; x_wconf 84' lang='lat' dir='ltr'><strong>ingenio</strong></span> <span class='ocrx_word' id='word_1_104' title='bbox 1205 2188 1210 2197; x_wconf 74' lang='grc'><strong>’</strong></span> 
     </span>
     <span class='ocr_line' id='line_1_17' title="bbox 136 2309 1106 2404; baseline -0.003 -24"><span class='ocrx_word' id='word_1_105' title='bbox 136 2309 399 2402; x_wconf 84' lang='lat' dir='ltr'><strong>impudentiam,</strong></span> <span class='ocrx_word' id='word_1_106' title='bbox 423 2334 487 2402; x_wconf 91' lang='lat' dir='ltr'><strong>pro</strong></span> <span class='ocrx_word' id='word_1_107' title='bbox 513 2311 699 2403; x_wconf 82' lang='lat' dir='ltr'><strong>eloquentih</strong></span> <span class='ocrx_word' id='word_1_108' title='bbox 726 2312 939 2404; x_wconf 82' lang='lat' dir='ltr'><strong>pertinaciam</strong></span> <span class='ocrx_word' id='word_1_109' title='bbox 964 2327 1106 2402; x_wconf 78' lang='lat' dir='ltr'><strong>ponant,</strong></span> 
     </span>
     <span class='ocr_line' id='line_1_18' title="bbox 141 2427 1108 2523; baseline -0.001 -27"><span class='ocrx_word' id='word_1_110' title='bbox 141 2429 293 2523; x_wconf 77' lang='lat' dir='ltr'><strong>qualium</strong></span> <span class='ocrx_word' id='word_1_111' title='bbox 331 2427 479 2521; x_wconf 82' lang='lat' dir='ltr'><strong>exempla</strong></span> <span class='ocrx_word' id='word_1_112' title='bbox 519 2429 710 2497; x_wconf 86' lang='lat' dir='ltr'><strong>offendimus</strong></span> <span class='ocrx_word' id='word_1_113' title='bbox 749 2432 786 2496; x_wconf 91' lang='lat' dir='ltr'><strong>in</strong></span> <span class='ocrx_word' id='word_1_114' title='bbox 825 2429 1041 2521; x_wconf 84' lang='lat' dir='ltr'><strong>Dyonisidero</strong></span> <span class='ocrx_word' id='word_1_115' title='bbox 1074 2445 1108 2497; x_wconf 84' lang='lat' dir='ltr'><strong>et</strong></span> 
     </span>
     <span class='ocr_line' id='line_1_19' title="bbox 139 2547 1106 2641; baseline -0.004 -24"><span class='ocrx_word' id='word_1_116' title='bbox 139 2547 351 2641; x_wconf 81' lang='lat' dir='ltr'><strong>Euthydemo</strong></span> <span class='ocrx_word' id='word_1_117' title='bbox 377 2549 419 2639; x_wconf 63' lang='lat' dir='ltr'><strong>in¹</strong></span> <span class='ocrx_word' id='word_1_118' title='bbox 439 2547 573 2636; x_wconf 84' lang='lat' dir='ltr'><strong>Dialogo</strong></span> <span class='ocrx_word' id='word_1_119' title='bbox 598 2548 760 2633; x_wconf 82' lang='lat' dir='ltr'><strong>Plutonis,</strong></span> <span class='ocrx_word' id='word_1_120' title='bbox 796 2551 853 2639; x_wconf 87' lang='lat' dir='ltr'><strong>qui</strong></span> <span class='ocrx_word' id='word_1_121' title='bbox 879 2549 920 2613; x_wconf 81' lang='lat' dir='ltr'><strong>uh</strong></span> <span class='ocrx_word' id='word_1_122' title='bbox 946 2547 1011 2615; x_wconf 89' lang='lat' dir='ltr'><strong>hoe</strong></span> <span class='ocrx_word' id='word_1_123' title='bbox 1041 2570 1106 2613; x_wconf 91' lang='lat' dir='ltr'><strong>no·</strong></span> 
     </span>
     <span class='ocr_line' id='line_1_20' title="bbox 138 2664 1110 2759; baseline -0.005 -24"><span class='ocrx_word' id='word_1_124' title='bbox 138 2692 221 2735; x_wconf 89' lang='lat' dir='ltr'><strong>men</strong></span> <span class='ocrx_word' id='word_1_125' title='bbox 248 2667 381 2752; x_wconf 42' lang='lat' dir='ltr'><strong>hahetp</strong></span> <span class='ocrx_word' id='word_1_126' title='bbox 404 2684 438 2734; x_wconf 90' lang='lat' dir='ltr'><strong>et</strong></span> <span class='ocrx_word' id='word_1_127' title='bbox 474 2668 510 2732; x_wconf 93' lang='lat' dir='ltr'><strong>in</strong></span> <span class='ocrx_word' id='word_1_128' title='bbox 540 2665 716 2759; x_wconf 89' lang='lat' dir='ltr'><strong>pluribus,</strong></span> <span class='ocrx_word' id='word_1_129' title='bbox 752 2667 913 2756; x_wconf 87' lang='lat' dir='ltr'><strong>imprimis</strong></span> <span class='ocrx_word' id='word_1_130' title='bbox 955 2664 1110 2756; x_wconf 87' lang='lat' dir='ltr'><strong>postremi</strong></span> 
     </span>
     <span class='ocr_line' id='line_1_21' title="bbox 140 2784 1110 2884; baseline -0.004 -30"><span class='ocrx_word' id='word_1_131' title='bbox 140 2785 316 2876; x_wconf 86' lang='lat' dir='ltr'><strong>temporis,</strong></span> <span class='ocrx_word' id='word_1_132' title='bbox 353 2784 513 2884; x_wconf 87' lang='lat' dir='ltr'><strong>Sophistis</strong></span> <span class='ocrx_word' id='word_1_133' title='bbox 542 2784 601 2876; x_wconf 88' lang='lat' dir='ltr'><strong>(l).</strong></span> <span class='ocrx_word' id='word_1_134' title='bbox 660 2788 730 2854; x_wconf 88' lang='lat' dir='ltr'><strong>Etsi</strong></span> <span class='ocrx_word' id='word_1_135' title='bbox 756 2788 857 2874; x_wconf 79' lang='lat' dir='ltr'><strong>igitur</strong></span> <span class='ocrx_word' id='word_1_136' title='bbox 883 2785 1110 2879; x_wconf 76' lang='lat' dir='ltr'><strong>sophistarum</strong></span> 
     </span>
     <span class='ocr_line' id='line_1_22' title="bbox 138 2902 1109 2998; baseline 0 -26"><span class='ocrx_word' id='word_1_137' title='bbox 138 2903 265 2998; x_wconf 77' lang='lat' dir='ltr'><strong>placita</strong></span> <span class='ocrx_word' id='word_1_138' title='bbox 298 2927 367 2971; x_wconf 93' lang='lat' dir='ltr'><strong>non</strong></span> <span class='ocrx_word' id='word_1_139' title='bbox 404 2902 440 2969; x_wconf 89' lang='lat' dir='ltr'><strong>id</strong></span> <span class='ocrx_word' id='word_1_140' title='bbox 467 2902 629 2973; x_wconf 70' lang='lat' dir='ltr'><strong>voluerint</strong></span> <span class='ocrx_word' id='word_1_141' title='bbox 662 2907 698 2971; x_wconf 92' lang='lat' dir='ltr'><strong>in</strong></span> <span class='ocrx_word' id='word_1_142' title='bbox 735 2909 912 2990; x_wconf 87' lang='lat' dir='ltr'><strong>civitatem,</strong></span> <span class='ocrx_word' id='word_1_143' title='bbox 949 2904 1040 2997; x_wconf 88' lang='lat' dir='ltr'><strong>quod</strong></span> <span class='ocrx_word' id='word_1_144' title='bbox 1068 2906 1109 2972; x_wconf 84' lang='lat' dir='ltr'><strong>ub</strong></span> 
     </span>
     <span class='ocr_line' id='line_1_23' title="bbox 140 3021 1110 3109; baseline 0 -18"><span class='ocrx_word' id='word_1_145' title='bbox 140 3021 209 3091; x_wconf 90' lang='lat' dir='ltr'><strong>illis</strong></span> <span class='ocrx_word' id='word_1_146' title='bbox 232 3021 505 3091; x_wconf 83' lang='lat' dir='ltr'><strong>extimescendum</strong></span> <span class='ocrx_word' id='word_1_147' title='bbox 531 3042 618 3109; x_wconf 83' lang='lat' dir='ltr'><strong>emt,</strong></span> <span class='ocrx_word' id='word_1_148' title='bbox 640 3028 846 3094; x_wconf 81' lang='lat' dir='ltr'><strong>sanctissimis</strong></span> <span class='ocrx_word' id='word_1_149' title='bbox 877 3043 985 3094; x_wconf 87' lang='lat' dir='ltr'><strong>tamen</strong></span> <span class='ocrx_word' id='word_1_150' title='bbox 1012 3026 1110 3092; x_wconf 87' lang='lat' dir='ltr'><strong>rehus</strong></span> 
     </span>
     <span class='ocr_line' id='line_1_24' title="bbox 138 3139 1112 3233; baseline -0.004 -18"><span class='ocrx_word' id='word_1_151' title='bbox 138 3141 269 3230; x_wconf 75' lang='lat' dir='ltr'><strong>vulgari</strong></span> <span class='ocrx_word' id='word_1_152' title='bbox 308 3139 528 3233; x_wconf 81' lang='lat' dir='ltr'><strong>disputatione</strong></span> <span class='ocrx_word' id='word_1_153' title='bbox 567 3145 677 3231; x_wconf 88' lang='lat' dir='ltr'><strong>tritis,</strong></span> <span class='ocrx_word' id='word_1_154' title='bbox 712 3144 869 3216; x_wconf 70' lang='lat' dir='ltr'><strong>levissimi</strong></span> <span class='ocrx_word' id='word_1_155' title='bbox 906 3143 1112 3212; x_wconf 79' lang='lat' dir='ltr'><strong>altereatione</strong></span> 
     </span>
    </p>
   </div>
   <div class='ocr_carea' id='block_1_5' title="bbox 177 3321 1121 3990">
    <p class='ocr_par' dir='ltr' id='par_1_5' title="bbox 177 3321 1121 3990">
     <span class='ocr_line' id='line_1_25' title="bbox 177 3321 1118 3410; baseline 0.001 -21"><span class='ocrx_word' id='word_1_156' title='bbox 177 3339 218 3409; x_wconf 78' lang='lat'><strong>(1)</strong></span> <span class='ocrx_word' id='word_1_157' title='bbox 240 3336 369 3390; x_wconf 81' lang='lat' dir='ltr'><strong>Isocrates</strong></span> <span class='ocrx_word' id='word_1_158' title='bbox 403 3338 444 3389; x_wconf 89' lang='lat' dir='ltr'><strong>sui</strong></span> <span class='ocrx_word' id='word_1_159' title='bbox 474 3321 600 3406; x_wconf 83' lang='lat' dir='ltr'><strong>temporis</strong></span> <span class='ocrx_word' id='word_1_160' title='bbox 627 3338 766 3408; x_wconf 82' lang='lat' dir='ltr'><strong>Sophistas</strong></span> <span class='ocrx_word' id='word_1_161' title='bbox 794 3358 868 3409; x_wconf 80' lang='lat' dir='ltr'><strong>aegre</strong></span> <span class='ocrx_word' id='word_1_162' title='bbox 892 3338 1064 3410; x_wconf 83' lang='lat' dir='ltr'><strong>reprehendit</strong></span> <span class='ocrx_word' id='word_1_163' title='bbox 1086 3338 1118 3390; x_wconf 86' lang='lat' dir='ltr'><strong>in</strong></span> 
     </span>
     <span class='ocr_line' id='line_1_26' title="bbox 178 3413 1116 3490; baseline 0.007 -23"><span class='ocrx_word' id='word_1_164' title='bbox 178 3460 187 3467; x_wconf 92' lang='lat'><strong>.</strong></span> <span class='ocrx_word' id='word_1_165' title='bbox 222 3418 316 3473; x_wconf 65' lang='lat' dir='ltr'><strong>,Oret</strong></span> <span class='ocrx_word' id='word_1_166' title='bbox 340 3428 424 3472; x_wconf 85' lang='lat' dir='ltr'><strong>contr.</strong></span> <span class='ocrx_word' id='word_1_167' title='bbox 445 3420 530 3490; x_wconf 87' lang='lat' dir='ltr'><strong>Soph.</strong></span> <span class='ocrx_word' id='word_1_168' title='bbox 550 3431 576 3474; x_wconf 88' lang='lat' dir='ltr'><strong>et</strong></span> <span class='ocrx_word' id='word_1_169' title='bbox 595 3423 623 3473; x_wconf 90' lang='lat' dir='ltr'><strong>in</strong></span> <span class='ocrx_word' id='word_1_170' title='bbox 635 3413 747 3474; x_wconf 53' lang='lat' dir='ltr'><strong>&#39;Introd</strong></span> <span class='ocrx_word' id='word_1_171' title='bbox 766 3424 799 3474; x_wconf 82' lang='lat' dir='ltr'><strong>sd</strong></span> <span class='ocrx_word' id='word_1_172' title='bbox 818 3424 912 3476; x_wconf 86' lang='lat' dir='ltr'><strong>Helen.</strong></span> <span class='ocrx_word' id='word_1_173' title='bbox 931 3424 1060 3487; x_wconf 88' lang='lat' dir='ltr'><strong>Encom.,</strong></span> <span class='ocrx_word' id='word_1_174' title='bbox 1086 3423 1116 3474; x_wconf 88' lang='lat' dir='ltr'><strong>in</strong></span> 
     </span>
     <span class='ocr_line' id='line_1_27' title="bbox 238 3502 1119 3576; baseline 0.001 -22"><span class='ocrx_word' id='word_1_175' title='bbox 238 3521 290 3572; x_wconf 81' lang='lat' dir='ltr'><strong>qus</strong></span> <span class='ocrx_word' id='word_1_176' title='bbox 313 3502 346 3554; x_wconf 86' lang='lat' dir='ltr'><strong>iis</strong></span> <span class='ocrx_word' id='word_1_177' title='bbox 361 3504 504 3571; x_wconf 78' lang='lat' dir='ltr'><strong>objurget,</strong></span> <span class='ocrx_word' id='word_1_178' title='bbox 532 3503 606 3572; x_wconf 89' lang='lat' dir='ltr'><strong>qnod</strong></span> <span class='ocrx_word' id='word_1_179' title='bbox 623 3504 651 3554; x_wconf 93' lang='lat' dir='ltr'><strong>in</strong></span> <span class='ocrx_word' id='word_1_180' title='bbox 661 3505 812 3558; x_wconf 80' lang='lat' dir='ltr'><strong>&#39;inutilibus</strong></span> <span class='ocrx_word' id='word_1_181' title='bbox 835 3514 936 3559; x_wconf 80' lang='lat' dir='ltr'><strong>tantum</strong></span> <span class='ocrx_word' id='word_1_182' title='bbox 953 3503 1119 3576; x_wconf 84' lang='lat' dir='ltr'><strong>quaestioni-</strong></span> 
     </span>
     <span class='ocr_line' id='line_1_28' title="bbox 238 3588 1121 3659; baseline 0.002 -20"><span class='ocrx_word' id='word_1_183' title='bbox 238 3588 289 3639; x_wconf 82' lang='lat' dir='ltr'><strong>bus</strong></span> <span class='ocrx_word' id='word_1_184' title='bbox 303 3596 441 3642; x_wconf 85' lang='lat' dir='ltr'><strong>versentur</strong></span> <span class='ocrx_word' id='word_1_185' title='bbox 461 3595 490 3640; x_wconf 89' lang='lat' dir='ltr'><strong>et</strong></span> <span class='ocrx_word' id='word_1_186' title='bbox 510 3595 607 3640; x_wconf 85' lang='lat' dir='ltr'><strong>rectem</strong></span> <span class='ocrx_word' id='word_1_187' title='bbox 623 3589 753 3659; x_wconf 81' lang='lat' dir='ltr'><strong>negligunt</strong></span> <span class='ocrx_word' id='word_1_188' title='bbox 772 3590 961 3659; x_wconf 85' lang='lat' dir='ltr'><strong>discipulorum</strong></span> <span class='ocrx_word' id='word_1_189' title='bbox 977 3589 1121 3642; x_wconf 51' lang='lat' dir='ltr'><strong>educatio*</strong></span> 
     </span>
     <span class='ocr_line' id='line_1_29' title="bbox 238 3671 1116 3743; baseline 0 -21"><span class='ocrx_word' id='word_1_190' title='bbox 238 3688 314 3722; x_wconf 87' lang='lat' dir='ltr'><strong>nem:</strong></span> <span class='ocrx_word' id='word_1_191' title='bbox 341 3671 410 3722; x_wconf 80' lang='grc' dir='ltr'><strong><em>ἀλλὰ</em></strong></span> <span class='ocrx_word' id='word_1_192' title='bbox 433 3673 485 3742; x_wconf 70' lang='grc' dir='ltr'><strong>γὰρ</strong></span> <span class='ocrx_word' id='word_1_193' title='bbox 510 3674 638 3738; x_wconf 71' lang='grc' dir='ltr'><strong>οὐδενὸς,</strong></span> <span class='ocrx_word' id='word_1_194' title='bbox 660 3674 769 3743; x_wconf 81' lang='lat' dir='ltr'><strong>subjicit</strong></span> <span class='ocrx_word' id='word_1_195' title='bbox 797 3692 825 3740; x_wconf 89' lang='lat' dir='ltr'><strong>p.</strong></span> <span class='ocrx_word' id='word_1_196' title='bbox 850 3675 910 3724; x_wconf 71' lang='lat'><strong>409.</strong></span> <span class='ocrx_word' id='word_1_197' title='bbox 932 3674 964 3723; x_wconf 87' lang='lat' dir='ltr'><strong>A.</strong></span> <span class='ocrx_word' id='word_1_198' title='bbox 991 3673 1036 3736; x_wconf 60' lang='lat' dir='ltr'><strong>B„</strong></span> <span class='ocrx_word' id='word_1_199' title='bbox 1064 3671 1116 3722; x_wconf 76' lang='grc' dir='ltr'><strong>αὐ-</strong></span> 
     </span>
     <span class='ocr_line' id='line_1_30' title="bbox 240 3751 1120 3828; baseline 0.006 -26"><span class='ocrx_word' id='word_1_200' title='bbox 240 3760 298 3812; x_wconf 74' lang='grc' dir='ltr'><strong>τοῖς</strong></span> <span class='ocrx_word' id='word_1_201' title='bbox 320 3751 403 3804; x_wconf 73' lang='grc' dir='ltr'><strong><em>ἄλλου</em></strong></span> <span class='ocrx_word' id='word_1_202' title='bbox 424 3754 517 3816; x_wconf 73' lang='grc' dir='ltr'><strong><em>μέλει,</em></strong></span> <span class='ocrx_word' id='word_1_203' title='bbox 543 3756 614 3822; x_wconf 76' lang='grc' dir='ltr'><strong>πλὴν</strong></span> <span class='ocrx_word' id='word_1_204' title='bbox 638 3759 694 3807; x_wconf 67' lang='grc' dir='ltr'><strong>τοῦ</strong></span> <span class='ocrx_word' id='word_1_205' title='bbox 712 3759 938 3828; x_wconf 70' lang='grc' dir='ltr'><strong><em>χρηματίζεσθαι</em></strong></span> <span class='ocrx_word' id='word_1_206' title='bbox 963 3758 1039 3826; x_wconf 73' lang='grc' dir='ltr'><strong><em>παρὰ</em></strong></span> <span class='ocrx_word' id='word_1_207' title='bbox 1061 3756 1120 3807; x_wconf 66' lang='grc' dir='ltr'><strong>τῶν</strong></span> 
     </span>
     <span class='ocr_line' id='line_1_31' title="bbox 239 3837 1119 3908; baseline 0.002 -19"><span class='ocrx_word' id='word_1_208' title='bbox 239 3838 385 3906; x_wconf 66' lang='grc' dir='ltr'><em>νεωτέρων.</em></span> <span class='ocrx_word' id='word_1_209' title='bbox 430 3837 558 3903; x_wconf 75' lang='lat' dir='ltr'><strong>Causam,</strong></span> <span class='ocrx_word' id='word_1_210' title='bbox 586 3840 659 3908; x_wconf 88' lang='lat' dir='ltr'><strong>quod</strong></span> <span class='ocrx_word' id='word_1_211' title='bbox 681 3840 771 3891; x_wconf 80' lang='lat' dir='ltr'><strong>sutiles</strong></span> <span class='ocrx_word' id='word_1_212' title='bbox 795 3845 895 3889; x_wconf 78' lang='lat' dir='ltr'><strong>tantum</strong></span> <span class='ocrx_word' id='word_1_213' title='bbox 921 3844 947 3889; x_wconf 82' lang='lat' dir='ltr'><strong>et</strong></span> <span class='ocrx_word' id='word_1_214' title='bbox 964 3838 1054 3890; x_wconf 80' lang='lat' dir='ltr'><strong>inanes</strong></span> <span class='ocrx_word' id='word_1_215' title='bbox 1076 3857 1119 3891; x_wconf 87' lang='lat' dir='ltr'><strong>res</strong></span> 
     </span>
     <span class='ocr_line' id='line_1_32' title="bbox 241 3919 1118 3990; baseline 0 -19"><span class='ocrx_word' id='word_1_216' title='bbox 241 3927 374 3984; x_wconf 74' lang='lat' dir='ltr'><strong>tractent,</strong></span> <span class='ocrx_word' id='word_1_217' title='bbox 401 3919 429 3971; x_wconf 92' lang='lat' dir='ltr'><strong>in</strong></span> <span class='ocrx_word' id='word_1_218' title='bbox 452 3920 616 3990; x_wconf 84' lang='lat' dir='ltr'><strong>ingeniorum</strong></span> <span class='ocrx_word' id='word_1_219' title='bbox 636 3921 791 3974; x_wconf 79' lang='lat' dir='ltr'><strong>infirmitate</strong></span> <span class='ocrx_word' id='word_1_220' title='bbox 813 3921 925 3988; x_wconf 80' lang='lat' dir='ltr'><strong>positam</strong></span> <span class='ocrx_word' id='word_1_221' title='bbox 947 3938 1001 3973; x_wconf 88' lang='lat' dir='ltr'><strong>esse</strong></span> <span class='ocrx_word' id='word_1_222' title='bbox 1018 3921 1118 3990; x_wconf 85' lang='lat' dir='ltr'><strong>judicet</strong></span> 
     </span>
    </p>
   </div>
   <div class='ocr_carea' id='block_1_6' title="bbox 242 3980 1140 4074">
    <p class='ocr_par' dir='ltr' id='par_1_6' title="bbox 242 3980 1140 4074">
     <span class='ocr_line' id='line_1_33' title="bbox 242 3980 1140 4074; baseline 0.009 -20"><span class='ocrx_word' id='word_1_223' title='bbox 242 4022 269 4070; x_wconf 73' lang='lat' dir='ltr'><strong>p.</strong></span> <span class='ocrx_word' id='word_1_224' title='bbox 286 4004 347 4056; x_wconf 81' lang='lat' dir='ltr'><strong>uo.</strong></span> <span class='ocrx_word' id='word_1_225' title='bbox 363 4001 400 4055; x_wconf 88' lang='lat' dir='ltr'><strong>n.</strong></span> <span class='ocrx_word' id='word_1_226' title='bbox 436 4002 478 4056; x_wconf 85' lang='lat' dir='ltr'><strong>cr.</strong></span> <span class='ocrx_word' id='word_1_227' title='bbox 490 3980 726 4074; x_wconf 60' lang='lat' dir='ltr'><strong>sessum.</strong></span> <span class='ocrx_word' id='word_1_228' title='bbox 743 4005 784 4057; x_wconf 84' lang='lat'><strong>23.</strong></span> <span class='ocrx_word' id='word_1_229' title='bbox 804 4003 837 4056; x_wconf 81' lang='lat' dir='ltr'><strong>r.</strong></span> <span class='ocrx_word' id='word_1_230' title='bbox 850 4003 889 4056; x_wconf 92' lang='lat'><strong>11.</strong></span> <span class='ocrx_word' id='word_1_231' title='bbox 908 4007 1005 4073; x_wconf 68' lang='lat' dir='ltr'><strong>pets.</strong></span> <span class='ocrx_word' id='word_1_232' title='bbox 1017 4006 1116 4062; x_wconf 71' lang='lat' dir='ltr'><strong>neme.</strong></span> <span class='ocrx_word' id='word_1_233' title='bbox 1137 4055 1140 4062; x_wconf 85' lang='lat'><strong>.</strong></span> 
     </span>
    </p>
   </div>
   <div class='ocr_carea' id='block_1_7' title="bbox 0 0 1275 4672">
    <p class='ocr_par' dir='ltr' id='par_1_7' title="bbox 0 0 1275 4672">
     <span class='ocr_line' id='line_1_34' title="bbox 0 0 1275 4672; baseline 0 0"><span class='ocrx_word' id='word_1_234' title='bbox 0 0 1275 4672; x_wconf 95' lang='lat' dir='ltr'><strong> </strong></span> 
     </span>
    </p>
   </div>
  </div>
 </body>
</html>
