2520 4672
598 325 661 392 206

138 540 246 605 oribus
274 535 406 603 Politice
433 533 523 600 libris
551 533 726 617 describit,
749 537 838 623 ἀρετὴ
850 586 860 617 ,
887 561 926 603 ca
952 554 1001 604 est
1025 561 1097 628 pro⁴

138 661 210 749 prio
240 661 338 740 ὑγίειά
365 659 399 723 τέ
427 683 474 732 τις
501 660 553 722 καὶ
577 656 687 732 κάλλος
715 659 766 720 uui
794 659 893 734 εὐεξία
921 667 1021 744 ψυχῆς
1045 658 1104 748 (l),

138 802 220 869 quae
249 794 323 843 ante
349 776 458 843 adesse
486 774 605 850 debet.
643 799 743 866 quam
779 775 906 840 animus
945 775 989 841 ad
1024 775 1100 842 illim

137 898 217 963 honi
239 896 516 982 investigationem
537 911 635 984 atque
659 895 875 985 imitationem
896 894 1028 981 aggredi
1045 918 1100 986 po-

139 1034 218 1099 test,
256 1014 367 1106 quod,
404 1031 517 1104 utpote
546 1013 717 1096 divinum,
756 1011 861 1081 solum
890 1038 968 1081 vm
996 1017 1103 1080 dom

138 1133 385 1202 existimandum
410 1151 466 1199 est.

182 1257 311 1324 Virium
323 1253 378 1319 illa
391 1254 580 1334 harmonia,
596 1276 696 1342 quam
709 1269 802 1320 vocat
815 1250 1100 1336 magestenis,

139 1399 195 1442 seu
222 1375 329 1465 potius
354 1374 529 1463 imperium
552 1369 637 1436 illud
664 1371 815 1454 rationis,
830 1370 932 1461 quod
960 1372 1100 1453 omnihus

139 1492 280 1560 Platonis
315 1492 405 1558 libris
438 1516 543 1584 acque
580 1506 825 1582 propugnatur,
858 1490 994 1575 insignis
1030 1489 1102 1557 adeo

139 1637 215 1705 pars
242 1630 289 1679 est
313 1610 502 1703 disciplinae
530 1608 674 1691 moralis,
707 1609 872 1698 hujusque
900 1610 996 1700 quasi
1025 1632 1099 1677 con·

140 1737 222 1802 tinet
259 1734 360 1799 initia·
419 1729 485 1798 Sed
523 1753 715 1821 magnopere
751 1726 934 1795 cavendum
968 1745 1036 1812 est,
1066 1752 1101 1796 ne

139 1877 301 1918 summum
318 1854 386 1938 ejus
408 1850 566 1917 habeatur
583 1850 794 1942 principium.
839 1845 916 1930 Ille,
941 1849 1002 1938 qui
1025 1846 1101 1915 tloo·

142 1974 260 2038 trinam
287 1995 355 2037 eam
383 1969 424 2036 de
451 1970 568 2037 virium
595 1986 755 2036 concentu
780 1968 981 2059 rationisque
1010 1966 1100 2058 prin·

141 2093 252 2181 cipatu
274 2106 342 2156 toto
369 2088 618 2180 amplecteretur
640 2090 764 2172 animo,
784 2110 895 2180 neque
921 2106 1033 2156 tamen
1058 2088 1099 2154 ti-

141 2210 211 2278 mul
230 2213 418 2302 opinaretur
440 2210 558 2275 rationi
577 2207 719 2300 petenda
740 2231 806 2274 esse
824 2205 974 2272 imitandi
991 2230 1102 2274 exem-

83 2402 85 2406 4
141 2329 197 2420 pla
218 2354 256 2396 ex
275 2329 422 2395 idearum
447 2327 733 2419 contemplatione,
758 2350 818 2394 nae
838 2325 891 2393 ille
912 2329 1026 2419 inepto
1047 2326 1103 2392 sibi

138 2447 304 2516 videretur
339 2445 533 2514 Platonicus.
592 2450 677 2514 Tota
711 2447 889 2534 refragatur
921 2448 1104 2539 antiquitas.

23 2589 27 2594 “
139 2567 319 2659 Aequalem
347 2567 550 2666 Chrysippus
577 2584 610 2632 et
638 2564 810 2634 Cleanthes
842 2583 876 2634 at
903 2562 1010 2633 omnis
1040 2560 1103 2634 iero

139 2686 322 2753 Stoicorum
357 2686 471 2752 cohors
507 2686 549 2754 de
583 2688 714 2754 rationis
748 2688 887 2780 imperio
921 2705 955 2755 et
989 2688 1106 2758 virium

45 2809 46 2812 ’
138 2803 354 2869 humanarum
375 2823 537 2871 concentu
555 2808 748 2874 sententiam
763 2805 1005 2898 prodiderunt,
1025 2824 1104 2900 quot

139 2940 262 3005 tamen,
288 2946 426 3015 quaeso,
450 2925 524 3016 quis
549 2924 730 2995 Platonioos
757 2929 988 2998 existimaverit
1011 2930 1086 3025 (2)?

140 3135 498 3153 -u-——t--u——an

170 3251 210 3319 (l)
230 3251 296 3318 Rep.
316 3251 366 3303 IV.
386 3254 447 3304 444.
466 3255 503 3305 D.
522 3252 556 3306 E.
600 3253 661 3321 Ipsa
685 3255 818 3309 videlicet¹
836 3256 984 3311 similitudo
1007 3277 1023 3311 a
1048 3277 1112 3314 tot·-

229 3328 294 3404 porc
321 3338 400 3389 ducta
427 3337 543 3390 declarat
567 3337 722 3408 philosophi
746 3347 870 3393 mentem.
913 3341 1021 3396 Sanitas
1045 3344 1114 3396 enim

230 3423 338 3474 facultas
363 3427 418 3485 est,
447 3439 499 3489 qua
523 3423 680 3476 instructum
703 3443 801 3493 corpus
818 3443 864 3478 suu
881 3442 1008 3495 peragere
1023 3428 1113 3494 possit.

171 3508 211 3577 (2)
232 3507 274 3559 Cl'.
294 3507 374 3575 Diog.
394 3505 428 3557 L.
447 3505 516 3558 Vll.
539 3508 572 3560 87
589 3527 648 3579 sqq.
690 3508 733 3562 Ex
754 3528 786 3562 eo
806 3511 907 3601 quippo
926 3511 989 3565 luco
1007 3514 1114 3566 videtur

229 3587 296 3642 mihi
320 3589 419 3658 petita,
447 3607 524 3656 quam
544 3590 618 3643 dedit
635 3591 744 3645 Meister
761 3591 853 3646 Ueber
870 3593 914 3645 die
931 3591 1026 3647 hohen
1043 3593 1115 3647 Ver-

229 3671 410 3728 schiedenheit
439 3674 489 3724 der
516 3671 616 3727 Philos.
645 3676 681 3727 im
709 3675 823 3729 unates
849 3674 1037 3731 derzsitteut.
1064 3686 1115 3732 etc.

230 3757 346 3829 zullich·
383 3758 450 3809 1812
482 3776 509 3826 p.
541 3759 593 3823 15,
621 3757 744 3811 delinitio
778 3764 892 3831 naturae
925 3757 1115 3832 Chrysippea,

229 3845 290 3906 cui,
310 3851 341 3896 ut
358 3843 481 3907 Stoicus,
502 3846 696 3897 accommodate
712 3844 802 3898 vivere
819 3844 1004 3914 praecipiebat
1035 3849 1118 3901 »Dor

231 3929 361 3996 lnbegrr'ff
380 3928 434 3980 und
459 3928 503 3979 die
527 3926 669 3982 Harmonia
684 3931 732 3982 der
750 3928 847 3982 Kriltc
864 3929 920 3981 und
939 3926 1118 3999 Eigcuscltri·

229 4017 274 4060 ton
293 4012 340 4064 det·
356 4009 558 4093 llicutchheii”.
590 4026 610 4070 “,
654 4072 657 4079 ,
