2520 4672
565 338 697 402 ’42

193 546 393 630 adunatim,
437 570 484 614 ex·
512 548 657 636 ipsorum
676 547 822 612 historia
863 565 978 614 notum
1010 563 1061 614 est
1095 539 1170 636 (lb

197 689 549 729 ...Μὰ-...κύτη-

225 768 265 836 (1)
285 767 356 818 Haec
375 768 499 828 ἰσονομία
518 766 628 834 quidem
644 766 674 818 in
688 767 811 819 omnibus
825 765 882 820 fere
898 764 1051 839 civitqtibus
1075 762 1173 817 Grae-

284 849 322 902 cis
343 849 453 916 pubIIco
475 849 598 918 ingenIo,
618 866 633 898 a
648 855 822 917 tyrannorum
841 847 1021 921 dominatione
1038 863 1095 897 non
1111 844 1173 898 sold

207 953 211 958 ·
283 948 376 986 verum
396 931 473 982 etism
495 932 609 982 nomine
624 930 725 997 alieno,
752 938 858 998 recepta
874 938 901 982 et
918 931 1020 999 legibus
1039 930 1173 984 civilibus

281 1014 438 1077 confirmata
456 1022 527 1066 erat:
547 1023 574 1067 at
590 1016 695 1089 diversa
708 1023 796 1069 tamen
810 1015 921 1069 ratione.
956 1011 1043 1084 Quam
1061 1015 1172 1070 diversa

281 1101 413 1171 principia
428 1098 633 1153 Lacedaemonii
650 1101 802 1168 adoptarint
821 1107 848 1151 et
866 1097 1055 1162 Athenienses,
1082 1115 1168 1166 supra

284 1183 330 1234 cit.
356 1180 417 1233 loco
442 1179 601 1234 Plutarcheo
628 1175 720 1250 Symp.
742 1180 828 1234 VIII.
851 1178 887 1253 Q.
913 1176 953 1232 II.
976 1198 1004 1248 p.
1022 1179 1084 1232 729.
1104 1178 1165 1233 BC.

202 1296 208 1303 ·
283 1267 383 1334 optime
398 1266 539 1320 erlucitur.
565 1262 738 1322 Civitatem
753 1268 878 1336 Lycurgo
893 1268 1067 1321 constitutam
1075 1263 1173 1319 Grae-

285 1369 341 1404 cam
368 1353 432 1420 justi
458 1353 593 1404 notionem
618 1338 738 1406 accurate
762 1354 860 1406 referre
885 1359 911 1404 et
938 1350 1006 1404 banc
1033 1350 1172 1401 firmatam

284 1436 373 1503 potius
391 1455 469 1505 quarn
484 1439 634 1494 innovatam
658 1457 712 1490 esse
733 1456 748 1487 a
769 1436 933 1506 Legislatore
947 1432 1051 1504 judicat
1066 1433 1173 1487 Welc-

285 1519 384 1588 herus,
404 1523 457 1574 Die
472 1523 570 1575 letaten
588 1521 771 1578 Grimdevou
789 1520 893 1586 liecht,
914 1520 989 1574 Staat
1003 1519 1060 1571 und
1077 1517 1172 1571 Strase

284 1626 313 1675 p.
331 1607 392 1659 388.
408 1607 473 1658 coll.
491 1626 514 1659 c.
530 1606 623 1660 Mauso
641 1607 736 1676 Sparta
755 1608 779 1659 I.
795 1610 849 1674 91,
869 1607 927 1659 112.
942 1622 1001 1675 sqq.
1036 1601 1169 1671 Optime:

285 1689 366 1741 modo
391 1687 493 1742 Graeca
515 1691 606 1758 notio,
627 1711 694 1761 quae
711 1708 781 1744 nouo
805 1699 863 1742 ante
880 1708 966 1742 aeram
983 1695 1102 1740 nostram
1123 1705 1171 1738 se-

287 1771 347 1825 culo
367 1771 470 1836 valuit,
497 1773 634 1841 cogitetur.
672 1773 726 1827 Sed
743 1775 838 1841 passim
855 1771 954 1825 Graeci
969 1770 1082 1824 ulterius
1097 1787 1172 1836 pro-

287 1853 367 1923 gressi
392 1861 452 1905 suut
474 1861 501 1906 et
524 1857 709 1923 aequalitatem
728 1875 783 1910 non
805 1859 834 1912 in
856 1876 887 1910 eo
915 1858 991 1922 solo,
1019 1862 1051 1907 ut
1074 1855 1186 1906 eodem'

287 1954 376 1989 omnes
393 1935 456 1986 Jure
476 1943 630 2003 uterentur,
655 1940 815 2005 consistere,
839 1958 932 1993 verum
951 1937 1054 2007 requiri
1072 1936 1172 2000 etiam,

286 2026 316 2071 ut
342 2016 476 2085 aequalem
494 2017 605 2087 quisque
622 2019 693 2071 Juris
713 2022 890 2074 distribuendi
901 2016 1009 2090 'partein
1027 2019 1172 2084 obtinent,

285 2102 408 2154 arbitrati
426 2109 496 2152 suut.
532 2101 606 2155 Hauc
623 2105 797 2158 remissiorem
819 2107 884 2175 justi
904 2107 1042 2158 notionem
1057 2119 1175 2171 reprae-

286 2194 371 2240 sentat
394 2186 524 2256 legislatio
549 2187 656 2254 Attica,
685 2189 765 2243 variis
788 2196 875 2240 tamen
894 2188 1017 2256 publicae
1038 2185 1174 2249 ⁸utilitatis

285 2259 424 2321 momentis
445 2270 597 2335 moderata,
624 2290 705 2340 quum
725 2271 809 2323 fixum
826 2273 986 2341 principium
1003 2288 1058 2323 uon
1075 2269 1174 2340 utique

287 2359 442 2422 sequeretur
469 2350 569 2417 Solon,
595 2355 661 2422 qui',
687 2373 742 2407 non
769 2374 836 2425 qnae
863 2357 977 2424 optimae
1002 2359 1094 2416 erant,
1125 2351 1176 2404 sed

241 2438 245 2447 “
289 2454 356 2506 qnae
381 2436 479 2502 optime
502 2437 605 2490 civibus
632 2438 685 2489 suis
704 2439 912 2506 conveniebant‘,
936 2458 962 2491 se
981 2439 1049 2507 leges
1066 2437 1174 2491 dedisse

157 2510 160 2517 ’
288 2515 454 2588 perhibebat.
505 2520 655 2572 Discrimen
686 2522 757 2573 inter
789 2519 883 2573 harum
911 2522 1047 2575 civitatum
1073 2522 1176 2574 formas

288 2601 383 2670 passim
400 2611 502 2655 auctum
521 2611 580 2669 est,
608 2623 689 2673 quum
707 2603 910 2657 Lacedaemonii
926 2605 994 2673 leges
1013 2623 1089 2671 suas,
1109 2613 1176 2658 tau·
1222 2652 1227 2657 .

286 2704 368 2753 quam
385 2684 511 2739 divinitus
526 2695 644 2754 acceptas
665 2686 778 2754 (Herod.
799 2686 822 2737 I.
843 2689 893 2753 65,
912 2685 1036 2756 Xenoph.
1054 2688 1088 2740 de
1104 2689 1175 2759 Rep.

289 2768 389 2819 Laced.
408 2786 435 2834 p.
454 2770 548 2838 683.),
573 2769 694 2837 religiose
717 2766 862 2821 retinerent
884 2774 911 2819 et
926 2770 970 2837 pie
984 2778 1178 2823 venerarentur

292 2852 377 2920 (Plut.
404 2850 513 2919 Apoph.
538 2852 638 2905 Lacon.
662 2853 714 2918 28,
742 2855 774 2904 59
789 2859 826 2927 'et
848 2851 961 2919 passim,
990 2849 1120 2904 Gataker.
1141 2855 1177 2906 ad

290 2935 329 2987 M.
354 2935 454 2986 Antan.
478 2934 512 2986 de
538 2937 596 2987 reb.
618 2937 672 2988 suis
695 2935 730 2987 L.
756 2935 793 2987 X.
816 2953 843 3002 p.
871 2936 932 2987 305.
967 2933 1115 3004 Wytteub.
1140 2936 1178 2989 ed
1204 2935 1207 2940 ’

292 3020 363 3072 Plut.
388 3019 421 3070 de
438 3017 496 3071 Ser.
523 3017 604 3070 Num.
633 3018 717 3070 Vind.
744 3039 770 3087 p.
798 3018 841 3069 25.
872 3017 1048 3090 animata),
1083 3018 1178 3074 Athe-

290 3101 393 3152 nienses
420 3107 513 3152 contra
540 3100 574 3151 'iu
601 3101 739 3169 popularis
766 3099 873 3168 imperii
897 3101 1031 3154 licentiam
1053 3104 1180 3172 quotidie

291 3185 373 3253 magis
395 3186 616 3252 prolaberentur,
635 3186 671 3236 ita
689 3193 720 3237 ut
738 3183 788 3236 bae
803 3185 922 3237 civitates
946 3188 1020 3255 quasi
1039 3188 1107 3243 fines
1123 3179 1180 3260 op-

292 3268 392 3334 positos
419 3268 585 3335 descripsisse
612 3267 769 3332 videantur,
802 3268 900 3334 quibus
929 3285 1018 3322 omues
1044 3268 1179 3326 Graeciae

293 3351 456 3418 respublicae
483 3353 692 3404 continerentur.
733 3349 857 3401 Ceterum
873 3350 911 3414 si,
937 3351 1096 3420 singularum
1118 3353 1180 3408 Le-

293 3451 354 3501 gum
375 3433 587 3484 memorabilium
606 3431 697 3484 habita
722 3433 854 3500 ratione,¹
867 3432 972 3487 diversa
987 3451 1076 3487 earum
1095 3437 1179 3503 prin-

293 3517 363 3584 cipia
398 3519 506 3571 uberius
539 3537 745 3587 exponeremus,
773 3517 925 3571 videremur
948 3519 1028 3570 uobis
1055 3520 1181 3574 deserere

292 3601 382 3669 potius
397 3619 476 3668 quam
491 3602 542 3653 rite
557 3603 687 3671 explicare
705 3609 885 3671 argumentum
899 3608 1029 3653 nostrum.
1062 3602 1179 3657 Monere

292 3693 379 3738 tumen
403 3683 455 3738 hoc
477 3687 538 3738 loco
558 3688 667 3752 attinet,
693 3687 779 3741 varias
800 3685 1055 3755 rerumpublicarum
1077 3686 1180 3740 formas

293 3771 480 3824 diversissimas
495 3773 566 3839 apud
584 3770 702 3825 Graecos
717 3760 850 3846 peperisse
860 3770 1070 3840 inminutiones,
1088 3787 1180 3840 prop-

294 3863 335 3907 ter
356 3874 472 3925 magnam
497 3857 553 3909 scil.
579 3857 651 3910 Iuris
669 3860 805 3911 constituti
823 3857 980 3921 efficaciam,
1007 3863 1034 3908 et
1056 3855 1177 3910 mirifice

295 3937 372 3988 simul
392 3939 489 3991 acuisse
505 3937 730 4009 Philosophorum
744 3941 893 4010 ingenium,
918 3939 993 4008 quod
1009 3938 1042 3990 ad
1062 3957 1179 4008 compa-

296 4021 390 4072 randas
410 4023 473 4075 istas
488 4025 609 4078 notiones
624 4033 650 4078 et
667 4027 778 4095 optimas
794 4025 924 4094 eligendas
939 4024 1010 4077 ultro
1028 4024 1177 4078 serebatur.
