2542 4672
611 318 652 386 75

146 531 339 599 auctoribus
362 531 567 613 tribuantur,
589 517 757 619 quomodo
780 529 817 596 hi
839 530 1022 599 Aristotelis
1043 531 1115 600 dis·

147 647 254 742 cipuli
279 647 423 716 fontibus
449 651 498 716 uti
525 648 722 739 potuerint,
750 649 810 739 qui
837 672 945 741 neque
972 653 1118 743 ipsorum

149 769 305 854 magistro
338 792 447 858 neque
482 768 546 858 ipsi
574 765 716 834 Platoni
738 784 927 858 patuerunt.
994 770 1117 838 Multae

144 903 239 953 certe
274 887 311 951 in
346 886 384 951 iis
414 885 625 977 reperiuntur
660 887 853 970 sententiae,
891 911 1051 978 varum,
1091 889 1120 954 ai

149 1005 216 1072 sibi
244 1004 389 1090 cognitae
414 1003 569 1087 fuissent,
593 1002 801 1084 auctoritate,
825 1003 918 1071 Plato
942 1022 1031 1074 more
1058 1029 1117 1075 auo

144 1125 321 1215 opiniones
356 1148 428 1190 suas
450 1123 732 1214 praemunivisset,
761 1121 813 1191 vel
839 1148 930 1215 quasv
954 1125 1118 1210 gravimu

142 1266 248 1309 causa
291 1220 538 1309 commemorare
579 1242 644 1309 hoc
684 1239 780 1311 illove
815 1241 889 1310 loco
914 1267 1022 1334 nequo
1048 1247 1118 1336 ipse

141 1383 262 1450 uaeque
289 1359 438 1446 Stagirita
467 1359 560 1428 facile
594 1361 782 1429 omisissent.
828 1360 895 1436 Sed
923 1363 1006 1431 haec
1032 1364 1117 1433 hae·

140 1472 264 1546 tenus.
330 1504 332 1506 ·
866 1545 870 1571 (

198 1585 425 1689 Philosophiae
467 1597 700 1688 Pythagoreae·
728 1596 874 1664 studium
913 1596 1126 1686 vehementer,

108 1753 111 1759 ·
144 1715 329 1807 impedivit
348 1715 541 1807 imprudens
565 1715 755 1809 disciplinae
778 1719 964 1785 Exoterieae
985 1734 1020 1784 et
1036 1718 1119 1786 Eso-

154 1836 273 1902 tericae
295 1834 450 1903 contusio.
494 1835 650 1924 Quamvis
670 1837 760 1902 enim
782 1837 961 1928 antiquitus
983 1839 1050 1923 jam
1069 1839 1121 1904 vi-

153 1954 283 2038 derint,
319 1978 404 2046 qnae
440 1952 572 2046 publice
607 1955 802 2046 Pythagoras
843 1956 1044 2047 praeciperet
1080 1957 1121 2022 ab
1214 2041 1218 2045 ·

152 2073 211 2157 ita,
242 2097 327 2163 quae
360 2070 535 2162 discipulos
563 2075 716 2164 privatim
742 2073 922 2159 docuisset,
955 2099 1022 2143 esse
1049 2075 1121 2143 dis-

154 2189 355 2277 tinguenda,
386 2189 491 2258 solent
526 2190 737 2267 nihilominus
768 2194 869 2283 ipsius
905 2191 1027 2285 placita
1053 2195 1126 2261 sine

111 2393 114 2397 ⁴
152 2310 221 2377 nlla
258 2309 467 2377 distinetione
501 2311 603 2378 citari.
655 2312 748 2402 Quae
779 2311 821 2378 ad
847 2297 995 2382 nostrum
1021 2338 1121 2401 argu-

155 2448 306 2498 mentum
340 2431 527 2519 pertinent,
563 2431 625 2498 ritc
650 2455 808 2522 seponere
834 2449 866 2498 et
891 2457 951 2500 suo
974 2457 1123 2524 quaeque

156 2552 269 2638 generi
293 2551 462 2620 restituere
489 2551 701 2634 conabimur,
730 2550 772 2616 ab
798 2551 928 2618 interna
948 2549 1124 2641 disciplina

157 2669 291 2737 initium
313 2667 456 2736 ducturi.

145 2758 153 2781 ‚
202 2789 272 2856 Hac
307 2813 344 2854 re
377 2787 574 2878 Pythagoras
611 2810 729 2857 novam
755 2786 1011 2880 philosophandi
1038 2788 1124 2857 viam

159 2909 320 3000 aperuisse
358 2903 539 2974 censendus
574 2922 642 2997 est,
678 2903 768 2997 qnod
804 2909 929 2998 primus
967 2930 1043 2978 cum
1069 2931 1124 2975 sa-

157 3026 300 3120 pientiae
315 3088 319 3097 ,
332 3024 441 3094 studio
480 3025 633 3093 Ethicam
668 3026 893 3112 conjunxerit:
925 3032 1042 3111 πρῶτος
1070 3031 1127 3110 μέν

160 3145 215 3218 οὖν
251 3149 412 3235 ἐνεχείρησε
439 3151 626 3232 Πυθαγόρας
651 3150 718 3233 περὶ
748 3149 852 3232 ἀρετῆς
883 3150 997 3214 sinain:
1029 3144 1129 3212 verba

158 3284 236 3334 sunt
257 3261 437 3334 Aristotelis
462 3262 531 3356 (l),
563 3287 647 3354 quae
669 3261 840 3331 manifesto
862 3262 904 3330 ad
930 3265 1129 3332 Esotericam

161 3382 367 3476 disciplinam
388 3383 576 3475 pertinent,
598 3401 651 3468 et,
673 3385 709 3451 ni
728 3382 839 3469 fallor,
862 3382 1018 3472 singulari
1041 3408 1127 3474 qua-

162 3504 241 3572 dam
264 3503 509 3591 ‘significatione
546 3503 734 3593 accipienda
769 3521 855 3570 sunt.
900 3504 1015 3595 Neque
1042 3502 1130 3567 euim

161 3623 310 3714 primum
342 3640 588 3716 praeceptorem
621 3647 749 3692 morum
781 3622 946 3711 designare
972 3637 1128 3714 possunt:

162 3742 369 3833 praeiverant
403 3740 478 3830 alii3
516 3767 624 3834 neque
660 3741 828 3813 doctrinae
859 3740 987 3814 moralis
1014 3757 1134 3810 aucto·

160 3909 526 3933 ——nn-——un

198 4005 239 4072 (ι)
258 3957 346 4072 Μοςιιζ
364 4003 463 4062 Moru.
483 4005 505 4059 t
526 4009 549 4058 1.
