2520 4672
600 331 619 391 5

120 531 277 622 exposita.
333 527 464 598 Etenim
499 533 554 598 isti
590 551 754 620 auctores,
793 538 852 627 qui
883 543 1029 627 expresse
1058 537 1095 604 id

123 651 186 715 sibi
213 669 415 735 sumserunt,
439 669 476 717 ut
497 654 585 719 Juris
608 652 776 720 historiam
800 657 1043 723 conscriberent
1063 673 1097 721 et
1146 645 1153 655 ⁸

122 768 245 861 placitu
266 769 307 835 de
321 771 419 857 justo
441 769 630 856 colligerent
656 772 948 865 pbilosophorum,
972 792 1096 840 veteres

120 885 330 978 reliquerunt
353 889 491 956 intactos
511 908 569 964 ,aut
592 915 702 959 eorum
724 917 829 984 penca
851 891 1013 984 quaedam
1033 892 1097 959 ulii

122 1004 194 1073 eliis
216 1027 333 1075 mutuo
345 1010 579 1100 surripuerunt
592 1008 683 1093 loca,
707 1013 800 1102 quasi
813 1011 865 1077 bis
878 1011 1095 1079 memorandis

120 1125 274 1192 universa
299 1129 448 1217 quaestio
475 1110 704 1196 absolveretur.
750 1131 866 1221 Neque
893 1132 994 1217 igitur
1010 1138 1097 1223 'opus

122 1246 187 1309 erit
209 1267 323 1311 eorum
349 1244 444 1313 edere
475 1248 624 1330 nomina,
663 1251 723 1338 qui
744 1251 911 1339 superiori
936 1251 1096 1341 imprimis
1154 1263 1159 1272 '

121 1361 251 1430 saeculo
263 1361 361 1430 duris
373 1350 554 1432 Naturdlis
567 1365 738 1433 Historias
754 1370 1020 1458 conscripserunt
1035 1368 1094 1459 (l).

126 1481 192 1550 Sed
212 1482 260 1549 illi
281 1485 395 1567 etiam,
419 1486 478 1575 qui
500 1486 723 1553 recentissimo
747 1503 892 1577 tempore
911 1485 1094 1572 diligentius

120 1601 164 1667 iis
190 1601 305 1669 studiis
331 1605 572 1689 incubuerunt,
604 1622 637 1670 et
656 1606 814 1691 originem
836 1605 974 1670 notionis
997 1623 1096 1696 atque

122 1721 328 1789 incrementa
361 1725 550 1809 investigare
587 1741 621 1789 et
657 1722 819 1788 illustrare
858 1723 966 1788 conati
1001 1742 1096 1807 sunt,

125 1837 370 1931 philosophiam
387 1859 496 1908 tamen
514 1859 660 1909 veterum
680 1867 799 1934 parum
822 1858 998 1924 curarunt,
1022 1845 1096 1912 satis

104 1982 157 2047 je
192 1961 402 2049 praestituros
435 1963 670 2044 existimantes,
707 1963 734 2026 si
769 1984 793 2027 e·
824 1961 1002 2046 majoribus
1034 1960 1097 2029 illis

66 2134 72 2138 .
123 2078 298 2168 operibus,
322 2103 405 2169 quae
429 2081 536 2169 primo
558 2078 631 2145 loco
652 2077 811 2161 diximus,
835 2081 1010 2146 sententias
1033 2079 1097 2146 de·

122 2196 308 2263 scriberent
334 2196 596 2264 celebratissimae
621 2214 655 2267 et
683 2196 796 2263 additi
821 2194 932 2288 aliqud
955 2196 1095 2264 adnota-

125 2318 232 2401 tione,
258 2311 334 2384 cuin
354 2302 530 2384 lectoribus
554 2316 832 2410 communicarent
855 2315 915 2407 (2).

168 2436 244 2503 Non
270 2437 369 2521 igitur
396 2433 511 2503 inutile
539 2433 607 2500 fore
636 2430 800 2520 judicari,
830 2435 914 2499 siin
939 2435 1001 2501 hac
1023 2436 1095 2502 ma'-'
1183 2485 1187 2495 .

123 2555 207 2623 teria
236 2554 434 2621 elaboranda
463 2555 583 2623 virium
617 2551 802 2643 periculum
829 2550 987 2635 lacerem,
1014 2570 1097 2644 quas

156 2735 198 2806 (1)
217 2733 376 2787 Laudentur
400 2731 430 2788 in
453 2735 575 2786 omnibus
595 2733 652 2786 iere
671 2733 836 2802 compendiis
854 2732 927 2785 Juris
946 2718 1101 2802 Naturalis,

216 2820 377 2889 inquorum
394 2818 528 2887 principio
545 2824 686 2868 monentur
703 2817 781 2884 vulgo
797 2816 926 2884 quaedam
944 2819 977 2869 de
993 2816 1105 2871 historia

217 2905 374 2974 disciplinae
387 2912 414 2956 et
426 2904 595 2968 auctoribus,
611 2901 659 2977 qui
671 2918 729 2951 eam
742 2900 964 2968 conscripserunt.
984 2901 1105 2955 veriam

218 2989 294 3058 Krug
308 2988 456 3058 Encyelop.
479 2985 580 3040 Philos.
603 2984 671 3037 Lex.
690 3003 716 3038 v.
735 2986 908 3036 Rechtsleltre.
945 2981 1001 3035 Eoi
1019 3002 1105 3053 prop-

218 3079 290 3124 terea
309 3089 364 3124 non
384 3072 489 3124 necesse
510 3077 549 3122 est
571 3067 622 3121 hoc
636 3068 696 3118 loco
710 3066 845 3129 excitare,
871 3065 960 3133 quod,
987 3067 1107 3134 quemvis

216 3174 335 3225 magnam
357 3155 501 3209 videantur
520 3171 581 3205 cum
602 3157 755 3220 argumento
778 3156 871 3201 nostro
893 3147 992 3202 habere
1013 3166 1106 3205 necet-

219 3240 379 3305 situdinem,
398 3255 490 3294 revera
507 3238 611 3290 nullam
628 3233 736 3287 habent.

158 3325 200 3396 (2)
220 3324 272 3377 cff.
299 3323 427 3389 Henrici,
457 3321 541 3373 ldedn
565 3314 600 3371 nu
625 3319 698 3370 einer
725 3313 872 3370 wissensch.
898 3314 1032 3383 Regriind.
1059 3315 1107 3366 der

216 3403 392 3458 Rechtslehre
411 3412 462 3457 cet.
488 3404 557 3455 Han.
569 3402 653 3467 1810,
674 3402 750 3469 cujus
767 3401 867 3468 primae
885 3400 996 3451 sectioni
1014 3399 1108 3451 titulus

217 3497 272 3555 est,
292 3485 416 3540 Versuch
436 3487 510 3538 einer
529 3482 693 3537 Geschicbte
713 3484 760 3535 des
776 3481 982 3550 Rechtsbegriffs
996 3479 1108 3530 seitden

142 3581 145 3584 ’
197 3570 359 3625 >frithesten
377 3571 466 3622 Daten
481 3570 522 3621 bis
538 3586 587 3620 zur
597 3565 825 3636 Bildungsepocbe
837 3566 882 3638 des
891 3559 1036 3618 wissensch.
1048 3558 1108 3613 Na·
1173 3614 1174 3618 ,

213 3646 359 3710 turrechts.
378 3655 420 3706 Cf.
431 3655 518 3707 Praef.
529 3673 556 3722 p.
567 3668 612 3705 xr.
623 3682 658 3695 -
666 3651 816 3717 Welclter‚
837 3651 889 3702 Dic
900 3650 998 3699 letztcn
1009 3642 1107 3697 Griin-

218 3742 251 3794 de
272 3757 325 3794 von
342 3734 446 3800 teche,
475 3733 550 3788 Stant
572 3737 627 3787 und
651 3735 757 3798 Strafe,
780 3733 877 3802 pbilos.
895 3729 949 3780 und
966 3723 1108 3779 reehtbist.

216 3819 376 3877 entwickelt.
413 3817 526 3892 Giessen
547 3819 633 3882 1813,
653 3836 680 3884 p.
697 3811 954 3868 430-450.-V0n
974 3810 1105 3872 baumer,

218 3911 286 3975 iiber
314 3908 357 3959 die
385 3903 540 3974 geschichtl.
567 3900 726 3956 Entwictet.
753 3901 805 3951 der·
822 3899 897 3965 Bogr.
926 3913 977 3949 von
1002 3893 1104 3958 Recte,

157 3977 163 3982 ’
215 3987 495 4058 sustineretur.
533 3970 627 4055 nep..
650 3988 726 4039 rene.
746 4004 772 4052 p.
792 3982 885 4034 s-no.
