2542 4672
596 289 656 355 124

142 492 312 595 disciplina
340 499 434 567 certis
475 498 671 589 quibusdam
703 502 885 594 praeceptis
915 500 1108 591 absolvitur,

140 596 255 689 verum
276 620 361 685 varia
386 622 547 711 praecipit
568 642 632 709 pro
664 620 772 703 variat,
796 645 862 711 qua
883 622 1031 713 quisque
1047 626 1110 691 uti·

141 759 216 824 tur,
232 738 429 806 conditione.
454 736 642 805 Aristotcles
650 736 761 805 laudat
777 741 915 826 Gorgiae
932 743 1108 825 rationem,

141 882 278 948 eamque
300 857 342 923 ad
366 859 528 924 civitatem
545 855 707 948 adplicat,
737 856 888 927 adserens
909 858 984 927 falli
1007 862 1108 954 ipsos,

142 979 203 1071 qui
215 1003 233 1047 e
243 975 385 1065 generali
398 979 530 1044 notione
541 977 703 1069 (καθόλου)
713 977 874 1046 deliniant
887 978 1107 1071 virtutemsslt

184 1214 341 1282 Prodicus
369 1215 515 1305 quamvis
543 1213 585 1280 de
612 1216 732 1282 virtute
758 1238 826 1281 nou
858 1212 930 1281 aine
957 1200 1107 1297 laudibus

142 1333 397 1402 declamitaverit
418 1333 486 1423 (2),
509 1331 550 1400 de
577 1336 717 1420 justitiae
746 1352 863 1401 natura
887 1350 990 1426 atque
1012 1332 1106 1401 indo-

141 1451 171 1519 le
180 1434 198 1536 ,
214 1468 374 1543 quantum
390 1452 558 1535 novimus,
582 1451 667 1518 nihil
687 1470 911 1544 perscrutatus
935 1469 1008 1537 est,
1023 1450 1107 1544 quud

140 1568 322 1645 dolendum
360 1570 577 1654 arbitramur,
615 1595 683 1661 quo
725 1570 824 1659 magis
852 1552 969 1657 seram
991 1572 1107 1653 uerbua¹

139 1670 215 1755 rum
235 1689 505 1777 significationem
532 1687 748 1780 disputationi
774 1686 1013 1782 praemittendi
1038 1708 1108 1787 stips

139 1807 232 1872 dium
259 1807 308 1897 (3)
339 1825 437 1897 atque
460 1805 501 1873 de
526 1806 688 1894 religionis
716 1810 837 1896 origine
864 1832 935 1876 non
959 1824 1107 1891 contem,

153 1992 157 2017 ³
198 2018 201 2025 .
229 1981 371 2051 particulis
396 1981 483 2031 obiter
506 1984 533 2031 et
558 1979 664 2045 copiose
681 1976 871 2048 loquerentur,
896 1982 1039 2049 nunquam
1054 1984 1112 2033 Μ

186 2126 190 2135 Ι
232 2062 321 2115 earnni
355 2061 483 2131 originem
516 2067 543 2111 et
573 2061 741 2112 fundamenta
765 2062 967 2131 indagarent.''¹
1004 2060 1113 2143 could!

231 2147 319 2211 enim,
345 2145 379 2196 ad
396 2162 473 2212 quem
491 2141 638 2209 pertineret
654 2140 719 2194 haec
737 2141 926 2211 reprehensio,
951 2160 1012 2195 non
1033 2142 1123 2213 noph.

217 2236 321 2301 'genter'
345 2230 462 2282 omisisse
487 2228 534 2279 sed
561 2228 750 2283 ‹la-:induatur
766 2244 896 2279 recusasse
916 2212 1001 2293 talem
1017 2218 1112 2281 dedui-

178 2378 182 2387 .
226 2317 328 2369 tionem
346 2314 535 2367 existimandus
553 2321 607 2365 cst:
636 2330 705 2381 quae
722 2313 791 2365 enim
809 2330 824 2362 a
840 2310 1027 2367 Menonc¹sub
1041 2310 1113 2375 Gora

229 2401 285 2469 gine
301 2400 406 2451 nomine
424 2396 565 2450 exhibetur
581 2414 610 2463 p.
618 2397 661 2447 73.
673 2394 712 2459 C,
733 2393 900 2462 exsequenti
917 2394 981 2445 loco
997 2415 1026 2464 p.
1036 2394 1113 2473 ⁷⁸}

230 2492 339 2552 apparet
356 2502 411 2536 non
428 2484 480 2552 ipsi
497 2501 551 2535 esse
568 2480 759 2550 adjudicanda:
784 2479 849 2547 quin
865 2496 896 2529 ex
912 2478 1027 2531 laudato
1045 2470 1113 2548 ejud-¹

152 2622 155 2635 ,
174 2612 177 2617 .
230 2570 292 2621 dem
308 2567 431 2621 Menonie
449 2567 600 2619 testimonio
617 2584 645 2634 p.
664 2566 708 2616 95.
729 2564 761 2615 C.
778 2564 946 2616 menifestum
958 2572 1021 2632 est,
1041 2562 1113 2621 Gens

230 2651 316 2719 giam,
334 2657 429 2718 utpote'
447 2651 554 2703 virtutis
571 2648 721 2700 doctrinam
738 2664 904 2717 nequaqnam
921 2649 1113 2741 profitentur,

152 2738 155 2745 '
182 2720 185 2725 ¹
231 2729 298 2783 h'anc
320 2731 434 2799 generali
452 2724 609 2783 definitione
626 2747 761 2799 nunquam
780 2728 949 2798 significasse.
965 2734 972 2763 ³
986 2716 1115 2789 ssoede-⁷

208 2846 210 2851 ·
229 2817 310 2885 nique
320 2816 437 2883 perfecte
446 2813 855 2890 confirmatArist'otelislocus,
873 2831 938 2867 mox
946 2816 1113 2875 excitandus.

149 2903 211 2977 ull)
232 2902 314 2955 Arist.
334 2903 415 2954 Polit.
436 2902 459 2953 1.
479 2904 520 2953 13.
538 2920 566 2969 p.
586 2902 645 2951 311.
819 2970 822 2975 ¹

169 2985 211 3053 (2)
231 2982 353 3036 Celebris
375 2991 414 3035 est
439 2990 465 3034 et
489 2984 590 3034 multos
613 2981 761 3033 imitatores
782 2982 858 3034 nacta
888 2982 1004 3037 Prodici
1029 2986 1116 3038 fabula

147 3054 150 3059 ¹
228 3068 262 3119 de
286 3065 402 3118 Hercule
426 3066 454 3115 in
480 3065 563 3117 trivio
591 3064 715 3127 sedente,
741 3080 822 3132 quam
850 3064 967 3131 exponit
988 3064 1114 3137 Xenopb.

227 3149 308 3200 Mem.
329 3147 542 3199 11.1.21-34.
577 3146 744 3199 Declamatio
770 3148 803 3199 de
830 3147 900 3199 vitae
928 3146 1051 3203 romeriis
1071 3150 1114 3202 in-

229 3240 296 3284 serta
315 3238 353 3283 est
371 3227 514 3294 Aniocho,
533 3231 562 3280 in
580 3229 650 3283 Plut.
669 3242 731 3297 opp.
748 3247 776 3297 p.
795 3230 855 3281 366.
871 3227 904 3281 C·
922 3247 987 3300 eqq.
1007 3230 1044 3286 T.
1059 3232 1114 3285 111.

229 3314 272 3366 cf.
291 3311 359 3365 Geel
377 3332 404 3380 p.
424 3314 482 3364 134.
501 3331 561 3380 sqq.
871 3330 876 3337 ·
905 3332 909 3339 ·

168 3395 209 3466 (3)
229 3392 348 3462 Euthyd.
366 3392 425 3445 277.
440 3393 475 3446 Ε.
510 3393 627 3447 Videtur
645 3402 733 3448 tamen
747 3395 800 3449 hoc
815 3397 936 3449 studium
950 3398 1035 3453 letius
1048 3418 1115 3469 pru-

227 3476 356 3540 traxisse,
392 3494 472 3543 quam
498 3479 639 3545 oportebat
668 3485 694 3529 et
722 3479 839 3531 ridiculo
856 3497 941 3532 ¹ruore
962 3482 995 3533 ln
1020 3486 1116 3554 quovit

227 3577 346 3613 sermone
372 3567 523 3613 ostentatae.
560 3563 635 3615 Alias
652 3580 706 3614 non
723 3565 751 3615 in
766 3563 908 3632 repetitum
927 3563 1053 3622 Socratis
1068 3587 1115 3627 re-

224 3643 445 3713 prehensionem,
464 3653 605 3715 quactum
620 3647 649 3698 in
667 3652 725 3699 toto
743 3646 853 3716 Cratylo
868 3647 959 3713 indat,
980 3658 1042 3705 tun
1056 3654 1114 3707 affin

214 3728 310 3791 ducis,
335 3726 466 3793 imprimis
493 3728 599 3797 Protag.
623 3729 691 3794 337,
718 3732 808 3799 jocose
829 3729 1025 3799 significatur,
1043 3736 1112 3797 inci-

227 3809 321 3863 disset:
348 3810 567 3878 quandoquidem
585 3812 640 3882 ipse
656 3811 780 3866 Socrates
796 3810 866 3865 nihil
882 3815 1036 3881 studiosiup
1052 3836 1112 3875 seu-

226 3894 348 3959 tabatur,
373 3912 454 3963 qaam
469 3911 576 3962 rerum,
603 3898 636 3950 de
654 3899 751 3968 quibus
769 3899 939 3955 tractandum
956 3911 1046 3971 esset,
1065 3922 1111 3957 ac-

226 3982 341 4029 curatam
359 3976 550 4033 definitionem.
