2490 4672
328 107 569 234 sacrm
607 108 879 198 ructata.

376 297 378 331 ³
451 331 508 378 ur
540 306 756 381 urrcttuo.

579 533 687 558 m

170 691 346 758 Universae
368 691 548 780 antiquitus
569 690 795 782 philosophiae
818 691 947 758 moralis
971 716 1090 785 scopus

113 827 193 876 erat
221 825 256 875 to
283 813 489 894 εὐδαιμονεῖν,
520 827 554 876 et
579 834 597 876 e
624 809 759 877 dirersis
779 810 981 894 notionibus,
1005 834 1091 902 quae

116 932 213 995 uitae
243 930 357 994 beatae
382 927 535 996 foverunt
561 927 810 1018 disciplinarum
836 948 997 1013 auctores,
1030 928 1088 996 di-

119 1071 216 1116 rersa
249 1049 385 1115 maxime
416 1046 608 1138 explicanda
636 1064 684 1114 est
710 1046 967 1138 philosophandi
996 1050 1089 1115 ratio.

120 1167 237 1256 Atque
274 1165 441 1257 profecto,
478 1167 540 1233 isto
573 1166 786 1232 communiter
813 1168 978 1256 proposito
1005 1166 1090 1252 fine,

122 1309 331 1375 summopere
368 1283 603 1350 admirandum
621 1301 689 1367 est,
725 1307 764 1350 ex
792 1284 984 1379 principum
1010 1284 1093 1375 plri-

121 1401 337 1494 losophorum
376 1400 549 1495 disciplina
590 1418 717 1467 tantum
755 1402 870 1469 virtuti
904 1402 1096 1481 remansisse,

123 1524 279 1606 honoris,
317 1540 449 1613 tamque
465 1545 599 1620 parum
630 1521 792 1588 tributum
822 1543 888 1587 esse
920 1520 978 1619 iis,
1011 1544 1096 1613 quae

124 1640 255 1728 vulgari
286 1641 458 1708 hominum
492 1642 643 1731 opinione
673 1637 715 1705 ad
743 1640 844 1706 vitam
870 1638 1009 1705 suaviter
1031 1639 1096 1706 be-

125 1777 244 1850 ateque
280 1758 453 1828 visendam
486 1758 668 1851 plurimum
693 1755 839 1824 conferre
866 1760 1096 1837 existimantur·

126 1879 208 1967 Quo
242 1879 379 1945 maxime
414 1876 464 1943 illi
490 1877 578 1944 hanc
604 1877 789 1957 doctrinam
815 1876 1034 1968 probaverant
1061 1898 1100 1943 ac

127 1994 367 2080 defenderant,
417 1998 549 2062 rationis
588 1997 772 2087 imperium
799 1971 897 2080 fuerat.
963 1996 1099 2063 Ratione

125 2118 255 2182 sincera
281 2113 417 2182 felicitas
442 2113 662 2207 computanda
685 2113 887 2195 ducebatur,
920 2135 1003 2203 quae
1025 2111 1111 2198 solis

125 2236 359 2326 perciperetur
383 2235 548 2319 sensibus,
584 2258 651 2300 esse
678 2234 837 2302 incertam
870 2248 968 2322 atque
995 2233 1100 2297 insta·-

126 2351 230 2420 hilem
269 2376 412 2444 veroque
450 2353 646 2445 philosopho
679 2352 857 2438 indignam.
910 2350 1100 2442 Aristippus

126 2473 255 2563 primus
277 2469 552 2562 philosophorum
571 2473 747 2543 contrarias
770 2488 877 2561 partes
892 2470 993 2534 tuitus
1008 2487 1099 2549 erat,
1200 2529 1205 2536 .

129 2587 191 2656 sed
233 2591 379 2680 quafnvis
411 2590 483 2679 ipse
524 2590 575 2655 vir
611 2589 734 2679 probus
762 2604 845 2655 esset
872 2604 905 2652 et
925 2566 1102 2651 commen·
1140 2637 1142 2641 .
1194 2652 1196 2656 ,

130 2708 241 2775 desset
281 2733 521 2798 nonnunquam
554 2709 724 2790 virtutem,
769 2722 966 2797 apparuerat
994 2719 1103 2769 tamen

131 2852 174 2895 ex
199 2827 309 2894 multis
335 2829 436 2919 ipsius
459 2844 491 2893 et
518 2829 615 2914 magis
643 2827 740 2893 etiam
766 2821 1003 2914 discipulorum
1025 2820 1102 2913 pla-

133 2950 228 3031 citis,
259 2972 334 3015 cum
361 2945 553 3037 disciplina,
585 2970 668 3036 quae
699 2946 735 3010 in
769 2943 914 3010 sensibus
945 2939 1105 3027 judicium

134 3067 205 3134 veri
242 3063 433 3149 collocaret,
479 3089 569 3150 aegre
608 3087 700 3155 posse
737 3064 891 3132 virtutem
921 3058 1104 3124 consistere.

133 3186 210 3253 Nou
236 3183 354 3251 multos
392 3183 474 3250 adeo
500 3207 608 3274 neque
638 3182 780 3249 celebres
808 3177 941 3268 quidem
962 3193 1122 3277 sectato-¹

134 3329 185 3369 res
212 3321 327 3369 nactus
354 3321 442 3386 erat,
476 3320 508 3368 et
535 3302 684 3373 doctrina
710 3303 771 3365 ista
797 3297 905 3388 potius
933 3293 1107 3385 Sophiste·
1192 3332 1196 3339 ·

136 3447 211 3490 rum
252 3421 451 3514 petulantiae
501 3446 601 3512 quam
646 3416 918 3511 Philbsophorum
961 3413 1110 3500 gravitati

142 3530 314 3602 convenite
335 3532 526 3618 ridebatur,
551 3533 658 3603 donec
679 3554 749 3598 eam
768 3525 959 3609 instauravit
979 3521 1106 3612 Epicu·
