2520 4672
661 298 725 413 aaa

210 558 330 627 buerat'
344 574 470 625 ansam:
503 574 615 624 utrum
636 573 779 649 praestat
801 557 870 624 scil.
897 555 1022 642 facere,
1056 582 1097 625 an
1120 585 1177 640 aeq

211 681 318 773 cipere
354 679 517 764 injuriam.
578 680 662 743 Cum
699 677 848 761 Socrate,
882 679 942 769 qui
975 676 1016 744 de
1033 677 1116 785 ,bac
1144 703 1180 745 re

211 798 362 866 adversus
387 797 551 888 Sophistas
582 796 733 862 dimicare
756 795 896 879 solebat,
925 798 1039 863 statuit
1064 822 1126 887 per
1146 821 1179 863 se

210 918 344 1011 quidem
371 919 518 1008 accipere
546 919 699 1002 injuriam
725 914 825 983 levius
852 914 973 980 malum
1000 939 1088 998 esse,
1120 902 1177 981 sed

210 1037 340 1104 addidit
363 1054 470 1102 tamen
498 1028 574 1102 fieri
597 1060 707 1126 posse,
731 1053 768 1102 ut
790 1061 829 1101 ex
851 1037 1078 1102 consecutione
1101 1059 1179 1120 gra-

208 1158 278 1223 vius
303 1158 437 1222 eveniat.
483 1157 590 1246 Ipsam
617 1154 703 1219 banc
731 1156 923 1220 sententiam
946 1177 1013 1219 nou
1042 1155 1182 1244 proprio
1235 1160 1237 1164 ”

207 1273 356 1364 exemplo
384 1272 556 1340 illustravit
586 1271 790 1340 Aristoteles:
833 1272 948 1356 credo,
980 1271 1075 1363 quod
1104 1297 1178 1340 me·

208 1395 338 1475 tuebat,
369 1418 409 1459 nc
438 1417 537 1484 quam
566 1410 732 1483 tamquam
759 1393 982 1483 exceptionem
1003 1416 1179 1484 propone-

207 1533 277 1596 ret,
299 1538 335 1579 ea
353 1511 523 1580 ¹videretur
546 1511 722 1577 admodum
742 1513 920 1578 communis
941 1536 1007 1578 esse
1029 1513 1077 1577 rei
1097 1536 1178 1603 spe-

195 1608 293 1718 ¹cies,
317 1629 375 1697 sed
403 1629 534 1696 aliunde
563 1610 676 1697 sumsit
698 1630 892 1723 exemplum.
937 1631 1023 1714 Ars,
1046 1633 1177 1723 inquit,

208 1750 306 1848 docet
340 1748 446 1817 lateris
482 1748 627 1815 dolorem
662 1754 817 1836 majorem
844 1751 995 1815 morbum
1022 1774 1089 1814 csse
1113 1774 1176 1840 pe·

207 1866 256 1934 dis
293 1868 487 1934 offensione:
527 1870 652 1932 tametsi
688 1886 801 1934 contra
832 1867 999 1933 interdum
1030 1866 1179 1935 accidere

207 1989 308 2079 possit
335 2011 374 2052 ex
399 1987 645 2074 consecutiones
669 2004 707 2051 ut
728 1989 755 2051 si
779 1989 831 2052 cui
851 1985 969 2051 offenso
988 1984 1076 2075 pede
1098 2010 1176 2052 eve·

205 2088 310 2186 nerit,
344 2122 382 2169 ut
417 2122 591 2194 propterea
624 2105 716 2195 quod
744 2105 919 2188 ceciderit,
951 2105 1101 2194 capiatur
1136 2107 1176 2171 ab

205 2224 351 2291 hostibus
373 2241 406 2289 et
428 2221 598 2290 occidutur
621 2224 634 2311 (
657 2223 681 2312 )

245 2466 285 2531 In
308 2466 426 2556 quinto
448 2460 649 2529 recensendo
670 2462 863 2528 Eth'icorum
881 2460 986 2545 libro,
1010 2486 1081 2552 quo
1101 2485 1175 2529 ma·
1215 2490 1220 2501 ·

202 2584 285 2652 xime
313 2581 495 2650 Aristotelis
523 2579 696 2671 disciplina
723 2581 764 2647 de
791 2584 879 2667 justo
901 2582 1111 2665 continetur,
1142 2582 1177 2647 in

200 2702 303 2770 multa
338 2699 528 2782 incidimus,
560 2725 628 2767 non
665 2698 768 2765 solum
805 2724 867 2790 pro
899 2676 1081 2792 temporis,
1109 2695 1193 2793 quo'

114 2836 118 2843 '
200 2823 299 2903 vixit,
329 2823 453 2885 ratione
479 2814 620 2905 egregia,
652 2818 708 2885 sed
742 2843 803 2909 per
830 2843 862 2885 se
885 2817 967 2885 adeo
988 2818 1175 2908 praeclara,

198 2959 238 3007 ut
263 2937 401 3005 sublime
430 2935 616 3028 philosophi
639 2938 805 3022 ingenium
826 2937 902 3002 satis
923 2935 1081 3003 admirari
1105 2962 1176 3005 non

198 3059 310 3150 possis.
355 3055 506 3126 Vidimus
533 3057 630 3122 etiam
657 3054 750 3120 illum
777 3056 884 3121 obiter
913 3054 1062 3141 adtigisse
1098 3030 1199 3124 vul-⁹

200 3202 309 3264 garam
345 3151 607 3242 distributionem
643 3176 723 3261 juris
751 3175 787 3240 iu
813 3171 960 3239 naturale
988 3172 1176 3261 etlegibus

198 3297 455 3389 praescriptum,
480 3319 579 3385 quam
602 3313 710 3361 tamen
736 3317 775 3359 eo
800 3292 873 3360 loco
898 3298 1079 3385 non‘opus
1104 3312 1201 3379 erat,

200 3414 374 3506 explanare
415 3412 636 3498 enucleatius,
673 3436 777 3504 quum
811 3414 846 3477 in
884 3411 995 3500 officiis
1028 3415 1175 3498 justitiae

198 3530 423 3626 proponendis
460 3534 524 3599 sive
561 3531 602 3597 ad
640 3542 766 3616 sopenna
803 3533 866 3598 sive
895 3529 941 3596 ad
963 3526 1032 3600 loon
1058 3524 1205 3602 utten-.¹

200 3651 282 3736 das,
301 3675 430 3742 semper
457 3649 529 3716 illae
556 3649 640 3734 leges
668 3648 854 3717 hominibus
882 3667 1020 3717 statutae
1042 3648 1173 3718 intelli·

199 3789 336 3859 gantur,
370 3796 452 3862 quae
484 3796 502 3836 a
538 3753 672 3837 scientia
702 3768 810 3858 legum
835 3766 1044 3839 ferendarum
1072 3771 1176 3859 origi·

203 3943 565 3962 Μ

233 4028 275 4097 u)
296 4029 378 4081 unat.
397 4012 503 4083 nicam.
522 4029 558 4084 v.
579 4030 620 4082 15.
640 4030 682 4082 aa.
701 4027 731 4081 u.
751 4028 783 4079 c.
