2520 4672
665 304 706 367 62

199 535 402 581 communem
423 513 549 578 virtutis
571 514 737 579 notionem
757 512 973 596 effluxissent,
997 511 1041 581 ad
1064 537 1169 607 qnam

197 630 372 699 referretur
396 632 537 716 justitia,
568 655 637 699 non
664 630 787 699 diutius
816 631 857 698 ob
884 631 952 699 sola
975 633 1171 722 commodo,
1243 662 1250 679 ·

198 776 282 843 quae
310 752 421 836 generi
449 749 592 816 humano
618 768 762 841 praestet
795 768 828 817 et
862 748 993 838 singulis
1021 752 1170 820 homini-

196 869 259 935 bus
284 870 509 960 impartiatur,
540 868 597 936 sed
624 885 762 961 propter
792 887 927 936 naturae
959 895 1034 937 suae
1063 895 1169 963 prae-

197 989 349 1057 stantiam
384 986 529 1055 colenda.
583 989 658 1054 Non
693 987 761 1054 solo
801 1005 909 1055 autem
945 988 1170 1081 Philosopho-

196 1131 272 1174 rum
306 1105 449 1195 judieio‚
484 1104 526 1172 de
562 1130 630 1196 quo
667 1131 725 1173 suo
760 1104 833 1188 leco
869 1106 1072 1194 videbimus,
1109 1107 1171 1177 sed
1239 1166 1243 1173 .

196 1224 350 1317 populari
377 1226 476 1292 etiam
507 1225 659 1315 opinione
690 1226 815 1311 justitie
839 1222 908 1292 fere
937 1225 1172 1294 aestimabatur

197 1343 264 1411 sola
300 1367 429 1413 omnem
463 1343 617 1410 virtutem
651 1342 835 1435 complecti.
887 1344 1005 1412 Versus
1048 1344 1170 1414 Theo·

198 1460 303 1549 gnidis

310 1581 369 1650 ’Es
391 1582 424 1648 δὲ
447 1582 621 1670 δικαιοσύνῃ
643 1581 813 1670 συλλήβδην
835 1582 1056 1668 πᾶσ’ἄρετη”στι

199 1699 366 1792 proverbii
397 1701 464 1765 vim
494 1699 621 1789 aceepit
644 1697 704 1787 (l).
757 1699 798 1764 ln
825 1698 1056 1790 comparanda
1070 1702 1171 1767 etism

198 1819 324 1905 justitia
352 1841 428 1882 eum
457 1815 592 1908 reliquis
624 1818 823 1900 virtutibus,
860 1814 910 1883 illi
935 1841 1063 1909 semper
1088 1815 1169 1908 pal-

199 1959 286 2001 mam
311 1953 562 2017 concesserunt,
595 1960 679 2026 quae
710 1934 780 2003 scil.
809 1937 871 2004 rite
893 1934 1082 2021 intellecta,
1105 1962 1168 2007 re-

102 2038 105 2043 ’
143 2112 164 2139 .,,
198 2054 305 2146 liquas
333 2055 448 2121 otiosas
478 2054 545 2122 fere
572 2073 604 2121 et
630 2054 761 2121 inutiles
790 2029 954 2123 redderet.
1006 2057 1057 2123 Ita
1082 2080 1114 2122 e.
1139 2081 1171 2145 g.

175 2159 177 2164 ¹
199 2171 387 2241 fortitudini
413 2172 507 2259 longe
530 2172 720 2240 antecellere
748 2175 875 2240 monuit
902 2173 1069 2260 Agesilaus
1095 2175 1171 2271 (2),

201 2295 326 2385 quippe
351 2315 433 2383 quae
459 2290 543 2357 nulli
568 2295 615 2360 rei
642 2294 833 2376 inserviret,
856 2294 884 2359 si
910 2317 1021 2361 omnes
1055 2295 1171 2363 hemi-

200 2435 257 2477 nes
275 2411 354 2498 justi
375 2428 509 2477 essent.¹
536 2412 671 2502 Optime
699 2436 737 2479 ex
764 2411 853 2479 hisee
877 2409 1035 2503 explicari
1060 2432 1174 2505 potest

200 2530 305 2597 honos
333 2531 470 2619 antiquo
490 2531 583 2615 justis
611 2530 798 2597 hominibus
822 2533 1013 2620 praestitus,
1036 2529 1171 2623 quales,

121 2667 128 2676 ’
200 2669 238 2717 ut
264 2673 366 2738 supra
392 2649 594 2731 monuimus,
626 2650 771 2739 primum
797 2648 1005 2716 habebantur
1035 2650 1078 2735 ii,
1111 2654 1174 2745 qui

201 2771 252 2855 jus
288 2764 429 2833 dicendo
470 2767 580 2834 neutri
620 2768 709 2857 parti
749 2766 913 2839 faverent:
932 2805 935 2812 ·
957 2768 1016 2835 hos
1057 2766 1176 2840 divino

199 2908 295 2976 saepe
330 2885 454 2951 honere
481 2887 646 2976 prosecuti
672 2903 768 2969 sunt,
806 2904 938 2978 etpost
964 2904 1104 2963 mortem
1136 2893 1174 2957 in

199 3006 273 3098 ipso
310 3003 399 3072 coelo
438 3004 588 3092 judicum
628 3031 763 3072 munere
804 3004 895 3092 fungi
935 3003 1170 3079 erediderunt:

199 3124 396 3192 Nasomones
424 3125 672 3210 justissimorum
693 3124 866 3191 hominum
894 3126 1082 3193 memoriam
1104 3128 1173 3195 ob-

200 3244 309 3310 testati
330 3244 544 3329 jurejurando
566 3261 662 3336 pecta
683 3242 920 3312 confirmabant
940 3242 999 3334 (3).
1045 3243 1173 3336 Quen-

202 3416 557 3435 m

231 3513 274 3584 (1)
295 3507 330 3566 V.
356 3514 468 3567 Aristot.
495 3514 559 3567 Eth.
587 3514 694 3567 Nicom.
719 3512 756 3565 V.
786 3512 810 3562 1.
855 3511 899 3572 Ad
928 3511 1102 3578 proverbium
1136 3516 1180 3569 nl.

293 3599 366 3651 ludit
398 3597 563 3652 Jamblichus
594 3599 646 3667 Ep.
671 3599 706 3650 ad
741 3597 848 3648 Anatol.
885 3593 976 3664 (Stob.
1008 3594 1100 3678 §erun
1126 3598 1179 3655 LI.

294 3698 322 3748 p.
341 3681 414 3750 187.)
453 3681 509 3748 Τὴν
537 3681 727 3747 δικαιοσύνην,
755 3678 824 3729 αὐτὸ
848 3679 881 3729 τὸ
908 3678 962 3728 τῶν
985 3678 1052 3731 ὅλων
1070 3680 1180 3753 siper&

295 3764 387 3826 τίλος,
416 3765 463 3815 καὶ
488 3769 538 3831 τὴν
562 3767 720 3828 συναγωγὴν
744 3761 835 3812 αὐτῶν
861 3761 1024 3824 συμπασῶν,
1049 3763 1078 3814 lv
1099 3753 1119 3832 ἧ
1140 3768 1178 3834 δὴ

294 3851 378 3899 πᾶσαι
405 3846 487 3898 i'sesns
513 3845 674 3911 συλλήβδην
700 3844 771 3895 κατὰ
794 3844 843 3895 τὸν
869 3843 987 3896 παλαιὸν
1006 3843 1097 3912 λόγον.
1134 3846 1180 3903 CI.

187 3984 195 4008 ι
296 3928 418 3982 Lactant.
438 3929 474 3981 V.
495 3931 536 3981 tt.
555 3931 581 3980 9.

235 4014 277 4083 (2)
298 4010 433 4066 Plutarch.
452 4013 481 4065 in
501 4011 598 4082 Agesil.
617 4011 677 4065 608.
696 4009 729 4063 E.
783 4038 785 4043 ·

236 4099 277 4168 (3)
297 4095 397 4149 Herod.
417 4093 468 4147 lv.
488 4095 546 4146 172
