2520 4672
736 280 746 309 ἓ

567 342 676 408 ’13Ἰ

118 553 169 618 sic
190 551 314 636 ingrate
338 532 559 636 afficerentur,
590 553 744 621 eodem
735 558 946 623 recitameuto
973 557 1088 643 ducti,

84 640 243 736 malum
270 691 413 739 avertere
441 690 492 757 et,
527 690 601 739 utut
627 692 778 764 possent,
807 677 932 742 bonum
964 680 1091 769 assequi

121 789 331 858 studuerunt.
375 793 448 858 Jam
479 794 538 882 qui
574 794 698 860 viribus
730 819 797 860 non
838 819 939 887 aeque
980 795 1088 887 polle·

109 910 199 994 bat,
212 927 256 976 ut
277 910 397 993 finem,
421 937 439 976 a
462 913 608 977 sensibus
626 915 885 1004 praescriptum,
907 912 994 981 solus
1007 940 1088 1006 per-

120 1038 330 1120 sequeretur,
366 1031 438 1121 ipsi
469 1033 588 1097 naturi
624 1029 711 1098 iltius
747 1033 868 1101 viribus
904 1058 976 1100 suas
1005 1059 1091 1103 eon*

121 1151 257 1235 jungere
284 1149 481 1236 jubebatur,
506 1151 565 1240 qui
591 1151 627 1215 in
654 1149 769 1217 eodem
794 1168 881 1217 statu
908 1170 1092 1220 versaretur

121 1286 156 1334 et
189 1266 332 1351 malum,
370 1293 389 1331 a
417 1270 513 1333 tertio
538 1268 732 1353 imminens,
771 1268 858 1335 solus
876 1295 1008 1337 arcere:
1022 1295 1091 1338 non

37 1457 40 1469 ¹
121 1403 239 1478 posset.
284 1385 338 1452 Ab
365 1386 436 1476 ip‘sa
463 1402 579 1452 natura
614 1388 786 1464 incitatum
818 1388 912 1456 dieo:
950 1390 978 1455 si
1004 1391 1092 1457 euim

121 1505 164 1572 de
191 1522 289 1598 pacto
325 1505 464 1591 cogitare
493 1503 628 1574 velimus
656 1491 690 1572 et
713 1507 749 1571 in
775 1530 813 1573 eo
844 1509 923 1594 justi
949 1509 1095 1575 notionis>

122 1626 278 1710 originem
302 1648 477 1716 quaerere,
513 1625 550 1688 in
587 1623 677 1691 idem
711 1625 826 1693 vitium
852 1626 1112 1711 incideremus,

122 1744 216 1836 quod
242 1746 496 1835 improbavimus
525 1728 639 1826 modo,
671 1761 800 1810 nostrae
823 1743 891 1812 soil.
919 1746 999 1832 justi
1025 1768 1090 1812 no-

120 1865 218 1930 tionis
255 1864 349 1928 initia
378 1879 588 1953 quaerentes:
621 1885 689 1928 non
728 1866 852 1948 justum
887 1862 1021 1955 aliquod
1056 1865 1114 1931 in*

120 1983 184 2050 bac
221 1983 342 2050 virium
370 1983 602 2073 conjpnction'e
629 2000 824 2074 posuerunt.
842 1980 891 2048 illi
925 1983 1092 2066 homines,

120 2101 179 2169 sed
206 2101 345 2194 perinde
370 2126 407 2168 ac
439 2101 587 2168 animalia
610 2099 732 2184 solent,
751 2100 863 2168 ‘sensu
889 2124 927 2167 eo
953 2125 985 2167 se
1014 2100 1093 2168 duci
1138 2119 1141 2126 '

45 2238 52 2247 '
118 2223 307 2314 passisunt.
352 2222 445 2288 Vires
469 2222 515 2287 sie
539 2224 730 2305 conjunctas
748 2221 924 2306 aggressori
944 2244 1091 2311 opposu-
1125 2232 1129 2239 '

118 2360 237 2428 erunt,
276 2364 343 2432 quo
378 2342 503 2427 ingrate
532 2318 757 2423 afficerentur,
791 2337 975 2423 avertendi,
1008 2362 1091 2405 con·

121 2462 231 2528 traria.
259 2461 395 2552 insuper
427 2457 621 2549 assequendi
651 2456 768 2524 studio.
829 2458 884 2526 Sic
903 2448 905 2452 ⁷
921 2459 973 2523 ab·
998 2474 1104 2524 utra-⁵

77 2644 84 2653 ,
119 2606 187 2672 que
225 2596 319 2670 parte
354 2581 437 2647 vires
473 2594 603 2661 auctae,
641 2575 750 2642 donee
786 2592 853 2641 tam
889 2598 990 2666 aeque
1032 2577 1094 2643 sibi

117 2702 309 2784 obstarent,
341 2715 379 2764 ut
407 2722 491 2764 unus
514 2698 612 2765 homo
641 2695 707 2787 (vel
734 2693 866 2787 plures,
899 2695 951 2764 vel
977 2694 1089 2787 plures

116 2799 281 2903 familiae,
313 2843 397 2910 quae
436 2819 595 2909 propositi
626 2807 743 2882 ¹habita
777 2817 901 2884 ratione
928 2818 1022 2906 quasi
1048 2841 1093 2883 u·

118 2966 201 3007 narn
221 2963 401 3031 personam
430 2938 590 3005 conficere
618 2937 885 3028 praesumuntur)
915 2935 1006 3026 quod
1033 2937 1096 3002 sibi
1193 3013 1195 3017 ¹

120 3064 252 3128 bonum
276 3057 463 3142 videretur,
487 3082 669 3148 numquam
698 3080 773 3122 cum
801 3054 932 3120 alterius
963 3056 1094 3121 income·

116 3178 405 3264 modoattingere
433 3192 561 3268 posset:
593 3175 652 3273 ubi
679 3198 717 3241 eo
740 3175 968 3266 pervenerint,
997 3171 1094 3247 ride-

118 3316 214 3368 runt
232 3297 381 3364 homines
412 3297 498 3362 banc
539 3319 606 3362 esse
648 3296 826 3377 rationem,
863 3319 947 3384 qua,
984 3317 1051 3383 quo
1078 3319 1097 3359 a

114 3436 241 3486 natura
262 3417 506 3504 incitarentur,
524 3433 662 3506 possent
681 3412 778 3480 simul
791 3444 792 3448 ¹
805 3436 914 3480 omnes
947 3414 1093 3502 assequi,
1145 3439 1147 3443 ’

119 3534 352 3628 etque-bunc
386 3551 506 3602 statum
543 3536 689 3624 primum
714 3535 848 3622 justum
888 3533 1094 3615 habueruut,
1125 3536 1127 3541 ’
1172 3531 1178 3540 “
1246 3544 1250 3557 ·

123 3679 195 3746 quo
221 3655 304 3720 vires
332 3655 378 3720 sic
407 3655 574 3746 oppositae
596 3670 724 3738 essent,
755 3671 793 3719 ut
820 3651 941 3720 malum
967 3649 1096 3720 alerius

120 3799 193 3841 non
215 3772 353 3866 amplius
382 3773 528 3842 conditio
555 3791 637 3841 esset
665 3772 796 3844 alterius
823 3761 939 3836 boni.=
