2520 4672
594 338 655 401 100

140 557 204 619 imo
219 553 314 617 'inter
344 570 396 612 eos
423 547 626 628 exstiterint,
665 546 724 635 qui
752 544 892 610 nominis
923 545 1092 609 societatem

139 672 257 738 diserte
293 664 526 756 repudiarent,
542 663 609 752 (l),
652 686 762 729 omnes
800 674 913 729 tamen
945 661 1093 736 communi

140 785 351 879 appellatione
397 801 430 849 et
476 780 670 848 contumelia
723 779 1091 872 comprehendebantur,

140 904 313 996 qnodque,
337 901 415 968 olim
437 892 502 986 jam
523 888 696 966 leviuscule
719 917 846 965 tantum
868 900 956 965 inter
978 922 1012 965 se
1033 896 1092 962 dis·

139 1024 253 1105 tincti,
285 1020 459 1086 recentiori
493 1036 637 1109 tempore
671 1012 763 1083 adeo·
778 1019 866 1083 inter
893 1040 927 1082 se
954 1014 1096 1106 permixti

138 1140 293 1221 fuerunt,
330 1155 368 1202 ut
398 1134 465 1202 fere
494 1159 563 1201 non
593 1135 749 1226 amplius,
787 1133 871 1225 quid
897 1135 1097 1218 Protagoras,

140 1258 222 1348 quid
245 1257 397 1340 Gorgias,
421 1253 503 1344 quid
530 1253 706 1336 Prodicus,
739 1252 796 1320 sed
825 1251 908 1343 qnid
921 1251 1098 1343 ·Sophistre

139 1377 262 1468 opinati
290 1373 432 1455 suerint,
461 1389 636 1461 quaeratur
659 1371 719 1461 (2).
765 1373 870 1439 Causa
900 1372 937 1436 in
964 1367 1099 1439 docendi

90 1554 94 1558 Ι
123 1549 126 1560 Ι
138 1535 496 1554 μ

171 1609 211 1679 (1)
232 1608 310 1660 Plato
334 1605 418 1675 Gorg.
434 1608 494 1656 trs.
513 1607 546 1656 A.
571 1607 672 1667 tarta
693 1606 739 1666 aa,
765 1591 923 1676 arteria,
949 1602 1035 1664 attae
1048 1606 1108 1671 spa

230 1691 291 1742 εἰπὲ
313 1694 377 1741 aisn
401 1690 428 1740 σὲ
454 1693 507 1759 χρὴ
535 1691 646 1750 καλεῖν,
672 1681 704 1746 ὧς
724 1693 798 1748 τίνος
817 1694 986 1758 ἐπιστήμονα
1004 1676 1132 1759 almo*

227 1772 311 1822 I'OP.
349 1773 402 1838 Τῆς
425 1771 578 1842 ῥητορικῆς,
602 1756 621 1821 ni
635 1771 790 1841 Σώκρατες.
815 1773 881 1822 ΣὩ.
917 1774 1043 1844 ‘parops
1061 1772 1113 1843 ἄρα

226 1860 280 1924 χρὴ
303 1857 331 1905 σὲ
356 1857 451 1906 καλεῖν
458 1875 470 1914 ,·
498 1856 524 1905 Γ
524 1858 580 1906 ΟΡ.
607 1855 716 1920 ἀγαθόν
742 1873 790 1920 qs,
820 1841 838 1903 ui
864 1855 1025 1926 Σώκρατες.
1070 1855 1113 1909 Cf.

227 1934 320 1986 Groen
338 1955 363 1989 v.
384 1938 531 1988 Prinsterer
550 1939 655 1989 Platon.
674 1938 797 2005 Prosogr.
816 1940 905 2004 p.-98.
924 1957 965 2007 sq.

165 2017 205 2087 (2)
226 2016 308 2089 Quod
336 2021 365 2069 in
391 2021 481 2072 critica
507 2028 534 2071 ct
561 2010 691 2071 litteraria
719 2016 904 2086 Sophistarum
937 2017 1055 2083 historia
1082 2022 1116 2074 sit

224 2102 293 2151 inter
324 2102 396 2168 ipsos
421 2120 451 2152 ae
480 2100 610 2156 Rhetores
634 2102 869 2170 distinguendam,
896 2119 951 2153 non
976 2103 1114 2169 diffiteor,

224 2200 316 2236 verum
340 2181 524 2257 philosophiae
552 2185 654 2235 rationo
675 2182 947 2255 babita.superlluum
966 2193 996 2236 ot
1016 2187 1118 2238 minine

225 2267 350 2318 idoneum
377 2268 492 2320 videtur.
536 2267 594 2321 Ubi
619 2266 688 2317 enim
707 2283 721 2316 a
741 2267 877 2329 veteribus
895 2266 1117 2335 distinguuntur,

224 2348 276 2402 boc
299 2351 342 2401 ita·
359 2351 438 2418 vulgo
466 2351 516 2415 fit,
543 2368 573 2401 ac
595 2349 618 2400 si
635 2349 722 2416 specie
739 2347 819 2415 magis
833 2338 925 2416 quam*
932 2367 960 2401 re
979 2350 1048 2405 veri
1064 2351 1119 2406 hoe

226 2431 367 2484 discrimen
393 2434 512 2484 obtineat
541 2433 597 2500 (eff.
619 2432 696 2484 Plato
719 2429 803 2499 Gorg.
819 2433 880 2482 46⁵.
897 2431 930 2483 C.
949 2434 1013 2495 520.
1032 2436 1069 2487 Δ.
1088 2435 1118 2489 Β.

226 2496 309 2567 ilrist.
329 2518 363 2568 de
383 2515 468 2584 Soph.
491 2513 605 2567 Elonch.
624 2533 651 2581 p.
672 2516 764 2583 314.);
790 2521 846 2564 tum
864 2531 878 2563 a
896 2512 1035 2583 Sophistis
1050 2519 1120 2587 plu-

223 2601 284 2652 rimi
311 2599 440 2652 Ilbetorcs
467 2598 584 2651 instituti
611 2604 702 2661 erant,
729 2596 756 2647 et
781 2596 817 2647 de
838 2596 946 2666 singulis
972 2599 1121 2668 ambigitur

225 2685 279 2734 sere
305 2673 443 2748 omnibns,
472 2692 572 2734 utrum
589 2681 700 2732 illorum
727 2677 816 2729 ordini
842 2679 895 2729 sint
921 2679 1116 2747 adscribendi,

224 2783 273 2825 nec
292 2782 339 2828 ne,
359 2783 420 2815 v-c.
440 2766 472 2815 de
492 2763 600 2832 Gorgia.
609 2764 637 2830 (c
657 2762 730 2825 Plat.¹
742 2759 827 2829 Gorg2
842 2763 946 2813 449.A.
968 2765 1034 2817 coll.
1056 2783 1119 2818 cum

225 2846 323 2912 Hippia
361 2844 426 2911 Maj.
455 2846 515 2896 282.
540 2844 579 2910 B,
616 2845 727 2915 aliisque
762 2844 828 2897 locia
862 2846 1012 2913 oppositis,
1045 2866 1116 2919 quos

226 2930 334 2998 collegit
350 2930 368 2979 l.
385 2929 451 2979 Foss
467 2948 495 2996 p.
515 2930 557 2980 39.
575 2929 670 2996 sqq.)‚·
697 2928 730 2978 de
751 2925 842 2979 Eveno
860 2928 940 2980 Pario
965 2931 1013 2999 (ex
1029 2932 1115 3000 Apol.

226 3012 255 3065 S.
276 3013 319 3062 20.
349 3009 378 3061 B.
407 3008 522 3062 Phaedr.
537 3008 607 3079 267.
636 3011 693 3091 Ab
712 3010 795 3062 ,aliis
830 3011 964 3064 Posuimus
990 3020 1117 3081 praeter-

224 3113 253 3145 ea
276 3093 358 3142 multa
376 3094 469 3143 afferre
493 3098 612 3146 veterum
633 3093 798 3156 testimonia,
826 3095 958 3162 equibus
979 3097 1115 3162 probetur

226 3175 422 3226 distinctionem
440 3193 494 3227 non
512 3193 567 3227 esse
590 3174 742 3238 admissum,
763 3175 805 3228 vel
825 3177 903 3243 parvi
926 3175 1066 3233 habitam:
1092 3183 1115 3235 si

226 3257 354 3325 quaedam
378 3260 413 3310 sit
438 3261 608 3328 accipienda,
630 3258 790 3323 -buecest,
816 3261 890 3328 quod
909 3260 1043 3317 libatores
1060 3283 1115 3321 non

225 3343 313 3394 omnia
329 3344 495 3407 .traetarint,
524 3360 591 3411 quae
614 3341 733 3392 solebant
758 3339 914 3417 Sophiam,
941 3351 969 3394 et
987 3347 1114 3413 eprofe-

224 3425 314 3476 rendis
337 3425 453 3492 propriis
478 3427 529 3477 sibi
556 3425 660 3491 placitis
682 3426 872 3492 abstinuerint,
898 3433 930 3478 ut
950 3429 1049 3481 eximie
1068 3430 1113 3482 di-

226 3508 304 3561 cendi
327 3509 378 3558 arti
403 3509 519 3558 animum
540 3508 715 3559 attenderent.
757 3507 860 3560 Verum
879 3526 913 3560 ne
932 3506 986 3562 boc
1001 3511 1114 3579 quiden

222 3590 379 3642 indistincte
405 3590 509 3640 admitti
533 3597 638 3658 potest:
667 3591 747 3642 modo
768 3591 838 3641 enim
853 3588 956 3643 Rhetor
977 3592 1113 3647 describi-

172 3717 175 3725 ,
223 3685 286 3740 tur,
313 3682 343 3725 ut
364 3672 491 3740 Sophiste
509 3674 588 3738 solet3
613 3675 693 3726 modo
714 3675 876 3727 contrarium
891 3675 1005 3727 obtinet.
1042 3676 1112 3729 Dis-

225 3757 357 3825 crepantia
383 3757 453 3807 inter
475 3756 634 3822 posteriores
657 3757 764 3810 virtutis
780 3776 810 3809 ac
827 3758 995 3827 eloquentiae
1011 3762 1113 3830 magis-

223 3848 280 3890 tros
304 3838 384 3909 magis
411 3838 608 3906 quodammodo
634 3840 764 3893 delineata
790 3848 842 3906 est;
868 3842 915 3893 sed
939 3841 1021 3908 primi
1045 3844 1111 3910 isti,

224 3925 258 3974 ‹lc
280 3923 377 3990 quibus
398 3920 451 3974 boc
475 3922 536 3974 loco
559 3923 663 3990 agitur,
688 3931 760 3978 recte
784 3941 836 3979 uno
855 3924 962 3978 nomino
979 3926 1113 3995 appellati

151 4041 154 4045 .
222 4011 248 4053 et
265 4022 317 4057 nno
336 4005 438 4073 judicio
456 4006 625 4067 condemnati
642 4014 710 4060 sont.
