2520 4672
445 56 517 129 Ὗ
576 98 643 170 'ec

142 314 296 403 lleligiota
331 314 438 402 legum
466 317 630 383 veneratio
658 310 777 381 sensim
812 316 995 407 sensimque
1028 338 1106 386 eto·

91 455 105 527 j
136 448 260 504 ,ruerat
278 432 582 502 etAristocraticue
603 433 734 524 imperii
759 430 899 518 formae,
922 454 1006 526 quae
1028 428 1107 502 Mo·

138 553 327 622 rlnrchicam
352 551 421 620 sere
447 571 639 644 exceperat,
677 576 756 618 cura
787 554 880 618 nimis
906 554 941 618 in
969 554 1109 621 universi

139 671 260 766 populi
285 672 434 738 manibus
461 672 567 761 positu
592 658 680 755 erat,
712 695 813 760 quam
848 687 886 736 ut
919 669 977 736 diu
1003 673 1107 763 probe

136 807 317 878 gereretur.
361 788 482 858 Multas
520 788 603 855 adde
638 788 722 876 leges
757 813 775 856 e
812 790 914 856 veteri
945 791 1106 879 supersti-

140 912 232 978 tione
255 908 429 991 oriundas,
460 925 710 1000 temporumque
734 932 833 976 cursu
860 909 891 976 vi
918 932 976 975 sua
1002 890 1124 976 desti-T

137 1044 248 1109 tutas,
274 1045 311 1095 et
336 1026 430 1096 facile
457 1025 628 1124 intellectu
654 1029 719 1094 erit
744 1026 892 1115 jamdiu
918 1026 1019 1094 solum
1045 1027 1106 1095 de-

137 1146 314 1214 sideratam
344 1144 442 1214 fuisse
472 1142 693 1232 occasionem,
720 1172 787 1238 qua
813 1145 987 1239 publicum
1010 1148 1107 1234 iuge-

140 1267 237 1331 uium
263 1289 302 1332 ex
332 1263 391 1332 illo
417 1281 504 1332 statu
532 1264 738 1353 dejiceretur.
783 1267 996 1334 Occasionem
1022 1267 1109 1336 hanc
1212 1270 1215 1274 ⁴

138 1385 295 1476 praebuit
320 1381 400 1452 belli
425 1385 547 1452 Persici
573 1385 697 1468 exitus,
731 1408 800 1474 quc
826 1409 901 1454 eum
926 1383 1108 1454 libertatem

139 1501 289 1594 populus
324 1501 506 1570 defendisse
547 1502 792 1586 aestimabatur,
826 1502 963 1570 feliciter
1003 1528 1106 1590 gesso,

142 1619 397 1690 animadvertere
420 1619 552 1695 tandem
579 1618 696 1702 voluit,
730 1628 796 1714 qua
822 1623 858 1687 in
884 1647 920 1689 re
947 1621 1029 1690 haec
1062 1623 1107 1689 li-

137 1742 249 1806 bertas
277 1740 484 1821 consisteret,
522 1763 622 1830 quam
651 1762 726 1808 oum
760 1742 796 1805 in
822 1741 1020 1828 singulorum
1034 1798 1038 1805 .
1051 1766 1110 1811 suo

137 1863 214 1946 jure
255 1883 324 1926 non
361 1859 540 1951 reperiret,
576 1860 667 1926 novis
702 1860 858 1925 institutis
898 1860 1108 1930 introducere
1199 1918 1202 1925 .

138 1977 296 2065 cogitarit
333 1976 393 2070 (l).
451 1978 566 2068 Quum
604 1980 703 2064 igitur
736 1978 903 2064 homines,
949 1985 1110 2071 praesenti

138 2121 256 2185 rerum
289 2113 374 2188 statu
401 2122 468 2166 non
500 2099 667 2181 contenti,
704 2122 803 2166 noves
830 2124 984 2190 quaerere
1008 2103 1107 2170 insti-

140 2232 289 2300 tuerent,
309 2242 367 2285 -ac
399 2215 464 2284 hoc
487 2215 620 2284 consilio
646 2216 688 2283 de
715 2220 787 2303 jure
814 2236 847 2285 et
872 2219 1109 2310 jurispruden-

139 2337 188 2405 tin
223 2336 350 2428 saepius
389 2337 544 2429 privatim
570 2333 769 2404 confabulari
795 2355 828 2404 et
863 2335 995 2429 publice
1024 2364 1107 2408 oon-

135 2457 241 2549 queri
265 2457 472 2548 inciperent,
494 2458 674 2523 necessario
700 2456 787 2525 inter
813 2479 866 2522 eos
892 2457 1108 2537 existerede-

137 2576 307 2657 buerunt,
340 2577 400 2667 qui
436 2577 600 2645 communi
635 2575 784 2667 opinioni
811 2573 1020 2642 adularentur
1043 2577 1108 2668 (2),

137 2711 180 2763 ut
208 2694 275 2762 suis
299 2697 525 2793 prospicerent
552 2693 728 2763 commodis
755 2714 788 2763 et
820 2720 883 2786 pro
912 2698 1027 2783 majori
1052 2697 1108 2764 di-

97 2838 100 2845 ·
135 2811 241 2883 cendi
274 2798 427 2882 facultate
466 2813 558 2884 brevi
585 2816 819 2885 auctoritatem·
846 2815 1013 2907 quandam
1048 2842 1107 2885 oc·

169 3046 217 3117 (1)
235 3045 281 3100 Gi.
298 3045 357 3100 Cel.
375 3046 466 3106 Luzac
483 3046 517 3099 de
536 3044 614 3100 Soet
633 3046 737 3113 cirep.
755 3045 807 3108 20,
826 3047 870 3098 61.
1136 3095 1137 3098 ,

168 3130 225 3201 (fil
237 3130 314 3183 Plato
341 3129 375 3183 de
397 3129 464 3198 Rep·
483 3129 536 3184 Vl.
562 3148 590 3229 p.
610 3130 671 3181 493.
693 3129 728 3181 A.
749 3117 892 3182 “Eucctov
914 3131 968 3182 τῶν
992 3137 1115 3204 μισθαρ-

226 3212 357 3265 voltum
382 3213 425 3262 tte
427 3212 516 3274 ωτῶν,
544 3210 591 3270 οὓς
615 3212 650 3279 δὴ
677 3211 754 3262 elleos
778 3214 903 3274 σοφιστὰς
919 3215 1044 3277 καλοῦσι,
1067 3217 1116 3266 καὶ

235 3282 455 3363 dnerllrulte‘
438 3296 591 3362 erocum,
615 3299 658 3361 μὴ
688 3293 759 3347 duc
787 3296 953 3360 recederem
981 3298 998 3361 ἢ
1024 3297 1116 3346 ταῦτα

235 3383 272 3433 τὰ
295 3381 351 3433 νῦν
371 3379 479 3432 mollite
506 3380 651 3447 δόγματα,
678 3380 697 3432 ὃ
719 3381 938 3448 ,δοξάζουσιν,“
923 3400 990 3431 οταν
1017 3380 1116 3451 ἀδραν-

202 3475 203 3478 ’
236 3461 341 3524 udde»,
367 3461 415 3513 nul
442 3464 539 3523 coeloe
562 3463 669 3532 ταύτην
696 3466 801 3517 καλεῖν.
838 3465 943 3517 Deinde
966 3463 1026 3515 illos
1041 3480 1117 3516 com-

235 3552 314 3615 paret
339 3562 404 3598 tum
422 3544 474 3610 iis,
503 3543 551 3614 qui
572 3545 668 3601 ferocis
694 3546 812 3601 animalis
836 3546 889 3598 iras
915 3551 943 3596 et
958 3543 1117 3614 cupiditates

238 3629 438 3685 Mmtvefiut
453 3635 480 3681 et
495 3630 595 3683 honum
613 3648 643 3683 ac
653 3630 759 3685 malum
775 3628 911 3681 nominent
926 3627 973 3680 tm
988 3636 1051 3688 ταῖς
1067 3631 1117 3681 τοῦ

235 3712 357 3780 perdice
380 3710 452 3778 ξώαυ
471 3710 572 3773 δόξαις·
592 3705 632 3772 οἷς
649 3714 699 3775 μὲν
715 3713 809 3782 ,χαίροι
827 3712 929 3772 lustro,
953 3709 1048 3778 tydae
1067 3729 1117 3763 να-

239 3795 308 3860 λῶν,
327 3787 366 3856 οἷς
384 3793 416 3849 δὲ
435 3793 570 3864 ἄχθοιτο,
589 3797 668 3849 κακά.
704 3793 747 3847 Cf.
767 3792 850 3862 Gorg.
868 3795 928 3847 481.
947 3792 980 3847 E.
