<?xml version="1.0" encoding="UTF-8"?>
<!DOCTYPE html PUBLIC "-//W3C//DTD XHTML 1.0 Transitional//EN"
    "http://www.w3.org/TR/xhtml1/DTD/xhtml1-transitional.dtd">
<html xmlns="http://www.w3.org/1999/xhtml" xml:lang="en" lang="en">
 <head>
  <title>
</title>
<meta http-equiv="Content-Type" content="text/html;charset=utf-8" />
  <meta name='ocr-system' content='tesseract 3.04.00' />
  <meta name='ocr-capabilities' content='ocr_page ocr_carea ocr_par ocr_line ocrx_word'/>
</head>
<body>
  <div class='ocr_page' id='page_1' title='image "./historiaphiloso00vedegoog/historiaphiloso00vedegoog_0262.png"; bbox 0 0 2520 4672; ppageno 0'>
   <div class='ocr_carea' id='block_1_1' title="bbox 601 228 700 360">
    <p class='ocr_par' dir='ltr' id='par_1_1' title="bbox 601 228 700 360">
     <span class='ocr_line' id='line_1_1' title="bbox 601 228 700 360; baseline 0.02 -2"><span class='ocrx_word' id='word_1_1' title='bbox 601 293 669 360; x_wconf 20' lang='lat'>*240</span> <span class='ocrx_word' id='word_1_2' title='bbox 696 228 700 247; x_wconf 26' lang='lat' dir='ltr'>l</span> 
     </span>
    </p>
   </div>
   <div class='ocr_carea' id='block_1_2' title="bbox 275 463 860 647">
    <p class='ocr_par' dir='ltr' id='par_1_2' title="bbox 275 463 860 647">
     <span class='ocr_line' id='line_1_2' title="bbox 275 463 860 647; baseline -0.005 -53"><span class='ocrx_word' id='word_1_3' title='bbox 275 463 278 469; x_wconf 76' lang='grc'><strong>’</strong></span> <span class='ocrx_word' id='word_1_4' title='bbox 353 503 631 647; x_wconf 70' lang='lat' dir='ltr'>onemo</span> <span class='ocrx_word' id='word_1_5' title='bbox 667 473 860 592; x_wconf 73' lang='lat' dir='ltr'>nona.</span> 
     </span>
    </p>
   </div>
   <div class='ocr_carea' id='block_1_3' title="bbox 404 744 820 795">
    <p class='ocr_par' dir='ltr' id='par_1_3' title="bbox 404 744 820 795">
     <span class='ocr_line' id='line_1_3' title="bbox 404 744 820 795; baseline 0 -3"><span class='ocrx_word' id='word_1_6' title='bbox 404 746 482 793; x_wconf 51' lang='lat' dir='ltr'>&gt;DE</span> <span class='ocrx_word' id='word_1_7' title='bbox 515 744 820 795; x_wconf 73' lang='lat' dir='ltr'>Anrsro&#39;rnnn.</span> 
     </span>
    </p>
   </div>
   <div class='ocr_carea' id='block_1_4' title="bbox 574 953 681 978">
    <p class='ocr_par' dir='ltr' id='par_1_4' title="bbox 574 953 681 978">
     <span class='ocr_line' id='line_1_4' title="bbox 574 953 681 978; baseline 0 0"><span class='ocrx_word' id='word_1_8' title='bbox 574 953 681 978; x_wconf 59' lang='lat' dir='ltr'>m</span> 
     </span>
    </p>
   </div>
   <div class='ocr_carea' id='block_1_5' title="bbox 111 1100 1110 2151">
    <p class='ocr_par' dir='ltr' id='par_1_5' title="bbox 111 1100 1110 2151">
     <span class='ocr_line' id='line_1_5' title="bbox 188 1100 1105 1199; baseline -0.004 -25"><span class='ocrx_word' id='word_1_9' title='bbox 188 1100 281 1174; x_wconf 81' lang='lat' dir='ltr'>Alter</span> <span class='ocrx_word' id='word_1_10' title='bbox 303 1106 444 1193; x_wconf 85' lang='lat' dir='ltr'>justitiae</span> <span class='ocrx_word' id='word_1_11' title='bbox 462 1124 620 1199; x_wconf 87' lang='lat' dir='ltr'>patronus</span> <span class='ocrx_word' id='word_1_12' title='bbox 643 1106 721 1194; x_wconf 91' lang='lat' dir='ltr'>(hoc</span> <span class='ocrx_word' id='word_1_13' title='bbox 745 1107 870 1199; x_wconf 83' lang='lat' dir='ltr'>quippe</span> <span class='ocrx_word' id='word_1_14' title='bbox 888 1106 1020 1173; x_wconf 91' lang='lat' dir='ltr'>nomine</span> <span class='ocrx_word' id='word_1_15' title='bbox 1033 1101 1105 1172; x_wconf 81' lang='lat' dir='ltr'>Pla-</span> 
     </span>
     <span class='ocr_line' id='line_1_6' title="bbox 111 1209 1110 1318; baseline -0.001 -29"><span class='ocrx_word' id='word_1_16' title='bbox 111 1260 116 1268; x_wconf 96' lang='lat'>·</span> <span class='ocrx_word' id='word_1_17' title='bbox 144 1241 254 1292; x_wconf 92' lang='lat' dir='ltr'>tonem</span> <span class='ocrx_word' id='word_1_18' title='bbox 288 1243 321 1292; x_wconf 90' lang='lat' dir='ltr'>et</span> <span class='ocrx_word' id='word_1_19' title='bbox 355 1209 562 1292; x_wconf 66' lang='lat' dir='ltr'>Aristotelem</span> <span class='ocrx_word' id='word_1_20' title='bbox 598 1223 741 1318; x_wconf 81' lang='lat' dir='ltr'>appellat</span> <span class='ocrx_word' id='word_1_21' title='bbox 773 1225 964 1292; x_wconf 86' lang='lat' dir='ltr'>Lactantius</span> <span class='ocrx_word' id='word_1_22' title='bbox 988 1223 1061 1314; x_wconf 88' lang='lat' dir='ltr'>(l))</span> <span class='ocrx_word' id='word_1_23' title='bbox 1095 1246 1110 1288; x_wconf 83' lang='lat' dir='ltr'>a</span> 
     </span>
     <span class='ocr_line' id='line_1_7' title="bbox 144 1340 1108 1435; baseline -0.002 -27"><span class='ocrx_word' id='word_1_24' title='bbox 144 1345 299 1410; x_wconf 86' lang='lat' dir='ltr'>Cicerone</span> <span class='ocrx_word' id='word_1_25' title='bbox 326 1345 385 1409; x_wconf 91' lang='lat' dir='ltr'>etsi</span> <span class='ocrx_word' id='word_1_26' title='bbox 407 1362 627 1435; x_wconf 84' lang='lat' dir='ltr'><strong>postponatur</strong></span> <span class='ocrx_word' id='word_1_27' title='bbox 651 1344 820 1429; x_wconf 86' lang='lat' dir='ltr'>magistro,</span> <span class='ocrx_word' id='word_1_28' title='bbox 843 1340 986 1409; x_wconf 88' lang='lat' dir='ltr'>eundem</span> <span class='ocrx_word' id='word_1_29' title='bbox 1004 1358 1108 1407; x_wconf 85' lang='lat' dir='ltr'>tamen</span> 
     </span>
     <span class='ocr_line' id='line_1_8' title="bbox 144 1460 1110 1557; baseline 0.002 -31"><span class='ocrx_word' id='word_1_30' title='bbox 144 1463 204 1527; x_wconf 94' lang='lat' dir='ltr'>tibi</span> <span class='ocrx_word' id='word_1_31' title='bbox 231 1461 483 1557; x_wconf 86' lang='lat' dir='ltr'>adspitulantem</span> <span class='ocrx_word' id='word_1_32' title='bbox 509 1460 662 1547; x_wconf 82' lang='lat' dir='ltr'>babebis,</span> <span class='ocrx_word' id='word_1_33' title='bbox 686 1464 712 1528; x_wconf 86' lang='lat' dir='ltr'>si</span> <span class='ocrx_word' id='word_1_34' title='bbox 737 1460 941 1555; x_wconf 87' lang='lat' dir='ltr'>reliquorum</span> <span class='ocrx_word' id='word_1_35' title='bbox 968 1462 1110 1528; x_wconf 87' lang='lat' dir='ltr'>omnium</span> 
     </span>
     <span class='ocr_line' id='line_1_9' title="bbox 142 1578 1107 1674; baseline 0.001 -29"><span class='ocrx_word' id='word_1_36' title='bbox 142 1580 411 1674; x_wconf 87' lang='lat' dir='ltr'>pbilosophorum</span> <span class='ocrx_word' id='word_1_37' title='bbox 437 1584 640 1674; x_wconf 78' lang='lat' dir='ltr'>antiquitatis</span> <span class='ocrx_word' id='word_1_38' title='bbox 667 1580 761 1649; x_wconf 84' lang='lat' dir='ltr'>facile</span> <span class='ocrx_word' id='word_1_39' title='bbox 799 1582 985 1672; x_wconf 89' lang='lat' dir='ltr'>principem</span> <span class='ocrx_word' id='word_1_40' title='bbox 1021 1578 1107 1667; x_wconf 89' lang='lat' dir='ltr'>judi-</span> 
     </span>
     <span class='ocr_line' id='line_1_10' title="bbox 144 1698 1106 1794; baseline -0.003 -27"><span class='ocrx_word' id='word_1_41' title='bbox 144 1703 260 1768; x_wconf 81' lang='lat' dir='ltr'>caveris</span> <span class='ocrx_word' id='word_1_42' title='bbox 297 1700 357 1790; x_wconf 84' lang='lat'><strong>(2).</strong></span> <span class='ocrx_word' id='word_1_43' title='bbox 416 1700 526 1794; x_wconf 79' lang='lat' dir='ltr'>Atque</span> <span class='ocrx_word' id='word_1_44' title='bbox 562 1701 649 1768; x_wconf 83' lang='lat' dir='ltr'>hanc</span> <span class='ocrx_word' id='word_1_45' title='bbox 684 1698 904 1767; x_wconf 83' lang='lat' dir='ltr'>laudationem</span> <span class='ocrx_word' id='word_1_46' title='bbox 943 1700 1106 1767; x_wconf 69' lang='lat' dir='ltr'>Ciceronis</span> 
     </span>
     <span class='ocr_line' id='line_1_11' title="bbox 143 1814 1109 1911; baseline 0 -26"><span class='ocrx_word' id='word_1_47' title='bbox 143 1845 351 1911; x_wconf 86' lang='lat' dir='ltr'>nequaquam</span> <span class='ocrx_word' id='word_1_48' title='bbox 388 1820 477 1906; x_wconf 80' lang='lat' dir='ltr'>justo</span> <span class='ocrx_word' id='word_1_49' title='bbox 512 1819 822 1907; x_wconf 84' lang='lat' dir='ltr'>magnificentiorem</span> <span class='ocrx_word' id='word_1_50' title='bbox 854 1842 940 1901; x_wconf 86' lang='lat' dir='ltr'>esse,</span> <span class='ocrx_word' id='word_1_51' title='bbox 976 1819 1037 1910; x_wconf 88' lang='lat' dir='ltr'>qui</span> <span class='ocrx_word' id='word_1_52' title='bbox 1063 1814 1109 1885; x_wconf 76' lang='lat' dir='ltr'>rel</span> 
     </span>
     <span class='ocr_line' id='line_1_12' title="bbox 144 1934 1105 2030; baseline -0.001 -27"><span class='ocrx_word' id='word_1_53' title='bbox 144 1939 343 2029; x_wconf 84' lang='lat' dir='ltr'>primoribus</span> <span class='ocrx_word' id='word_1_54' title='bbox 361 1938 469 2005; x_wconf 79' lang='lat' dir='ltr'>labris</span> <span class='ocrx_word' id='word_1_55' title='bbox 499 1938 742 2030; x_wconf 87' lang='lat' dir='ltr'>philosophiam</span> <span class='ocrx_word' id='word_1_56' title='bbox 767 1934 949 2006; x_wconf 82' lang='lat' dir='ltr'>Aristotelis</span> <span class='ocrx_word' id='word_1_57' title='bbox 985 1934 1105 2022; x_wconf 76' lang='lat' dir='ltr'>degue-</span> 
     </span>
     <span class='ocr_line' id='line_1_13' title="bbox 145 2056 1110 2151; baseline -0.004 -26"><span class='ocrx_word' id='word_1_58' title='bbox 145 2060 279 2142; x_wconf 80' lang='lat' dir='ltr'>tuterit,</span> <span class='ocrx_word' id='word_1_59' title='bbox 316 2076 431 2151; x_wconf 88' lang='lat' dir='ltr'>sponte</span> <span class='ocrx_word' id='word_1_60' title='bbox 451 2061 453 2066; x_wconf 79' lang='grc'><strong>’</strong></span> <span class='ocrx_word' id='word_1_61' title='bbox 470 2059 620 2150; x_wconf 86' lang='lat' dir='ltr'>quisquis</span> <span class='ocrx_word' id='word_1_62' title='bbox 656 2057 820 2125; x_wconf 80' lang='lat' dir='ltr'>fatebitur.</span> <span class='ocrx_word' id='word_1_63' title='bbox 877 2056 1002 2125; x_wconf 86' lang='lat' dir='ltr'>Verum</span> <span class='ocrx_word' id='word_1_64' title='bbox 1029 2057 1110 2122; x_wconf 82' lang='lat' dir='ltr'>enim</span> 
     </span>
    </p>
   </div>
   <div class='ocr_carea' id='block_1_6' title="bbox 12 2175 1108 2279">
    <p class='ocr_par' dir='ltr' id='par_1_6' title="bbox 12 2175 1108 2279">
     <span class='ocr_line' id='line_1_14' title="bbox 12 2175 1108 2279; baseline -0.006 -32"><span class='ocrx_word' id='word_1_65' title='bbox 12 2263 35 2279; x_wconf 27' lang='grc' dir='ltr'>Γ</span> <span class='ocrx_word' id='word_1_66' title='bbox 142 2200 238 2262; x_wconf 83' lang='lat' dir='ltr'>vero,</span> <span class='ocrx_word' id='word_1_67' title='bbox 266 2178 330 2244; x_wconf 85' lang='lat' dir='ltr'>niai</span> <span class='ocrx_word' id='word_1_68' title='bbox 356 2175 486 2245; x_wconf 88' lang='lat' dir='ltr'>difficile</span> <span class='ocrx_word' id='word_1_69' title='bbox 514 2195 615 2259; x_wconf 89' lang='lat' dir='ltr'>esset,</span> <span class='ocrx_word' id='word_1_70' title='bbox 639 2179 722 2269; x_wconf 88' lang='lat' dir='ltr'>quin</span> <span class='ocrx_word' id='word_1_71' title='bbox 748 2177 845 2243; x_wconf 89' lang='lat' dir='ltr'>etiam</span> <span class='ocrx_word' id='word_1_72' title='bbox 876 2175 1108 2261; x_wconf 76' lang='lat' dir='ltr'>incongruum,</span> 
     </span>
    </p>
   </div>
   <div class='ocr_carea' id='block_1_7' title="bbox 38 2293 1125 3704">
    <p class='ocr_par' dir='ltr' id='par_1_7' title="bbox 38 2293 1125 3704">
     <span class='ocr_line' id='line_1_15' title="bbox 142 2293 1108 2387; baseline -0.003 -25"><span class='ocrx_word' id='word_1_73' title='bbox 142 2320 254 2364; x_wconf 89' lang='lat' dir='ltr'>rerum</span> <span class='ocrx_word' id='word_1_74' title='bbox 281 2298 418 2364; x_wconf 85' lang='lat' dir='ltr'>maxime</span> <span class='ocrx_word' id='word_1_75' title='bbox 454 2294 655 2383; x_wconf 83' lang='lat' dir='ltr'>diversarum</span> <span class='ocrx_word' id='word_1_76' title='bbox 690 2296 860 2362; x_wconf 79' lang='lat' dir='ltr'>instituere</span> <span class='ocrx_word' id='word_1_77' title='bbox 894 2293 1108 2387; x_wconf 80' lang='lat' dir='ltr'>comparatic-</span> 
     </span>
     <span class='ocr_line' id='line_1_16' title="bbox 143 2413 1109 2507; baseline -0.002 -26"><span class='ocrx_word' id='word_1_78' title='bbox 143 2439 237 2499; x_wconf 86' lang='lat' dir='ltr'>nem,</span> <span class='ocrx_word' id='word_1_79' title='bbox 275 2433 448 2507; x_wconf 86' lang='lat' dir='ltr'>appareret</span> <span class='ocrx_word' id='word_1_80' title='bbox 483 2414 616 2495; x_wconf 76' lang='lat' dir='ltr'>fortasse</span> <span class='ocrx_word' id='word_1_81' title='bbox 649 2415 817 2502; x_wconf 81' lang='lat' dir='ltr'>Stagiritoc</span> <span class='ocrx_word' id='word_1_82' title='bbox 851 2436 970 2506; x_wconf 87' lang='lat' dir='ltr'>parum</span> <span class='ocrx_word' id='word_1_83' title='bbox 1005 2413 1109 2507; x_wconf 73' lang='lat' dir='ltr'>potine</span> 
     </span>
     <span class='ocr_line' id='line_1_17' title="bbox 142 2530 1108 2626; baseline -0.002 -26"><span class='ocrx_word' id='word_1_84' title='bbox 142 2558 242 2626; x_wconf 82' lang='lat' dir='ltr'>quam</span> <span class='ocrx_word' id='word_1_85' title='bbox 269 2537 409 2602; x_wconf 89' lang='lat' dir='ltr'>nimium</span> <span class='ocrx_word' id='word_1_86' title='bbox 433 2532 538 2603; x_wconf 78' lang='lat' dir='ltr'>laudis</span> <span class='ocrx_word' id='word_1_87' title='bbox 565 2558 631 2602; x_wconf 86' lang='lat' dir='ltr'>esse</span> <span class='ocrx_word' id='word_1_88' title='bbox 655 2535 827 2601; x_wconf 87' lang='lat' dir='ltr'>tributum.</span> <span class='ocrx_word' id='word_1_89' title='bbox 871 2530 1003 2624; x_wconf 78' lang='lat' dir='ltr'>Quodsi</span> <span class='ocrx_word' id='word_1_90' title='bbox 1025 2532 1108 2599; x_wconf 87' lang='lat' dir='ltr'>enim</span> 
     </span>
     <span class='ocr_line' id='line_1_18' title="bbox 136 2648 1107 2742; baseline -0.002 -23"><span class='ocrx_word' id='word_1_91' title='bbox 136 2655 177 2719; x_wconf 76' lang='lat' dir='ltr'>&#39;in</span> <span class='ocrx_word' id='word_1_92' title='bbox 212 2653 346 2721; x_wconf 89' lang='lat' dir='ltr'>Platone</span> <span class='ocrx_word' id='word_1_93' title='bbox 384 2655 509 2720; x_wconf 87' lang='lat' dir='ltr'>mireris</span> <span class='ocrx_word' id='word_1_94' title='bbox 550 2655 670 2742; x_wconf 85' lang='lat' dir='ltr'>ingenii</span> <span class='ocrx_word' id='word_1_95' title='bbox 705 2650 891 2720; x_wconf 76' lang='lat' dir='ltr'>facilitatem</span> <span class='ocrx_word' id='word_1_96' title='bbox 920 2668 954 2720; x_wconf 85' lang='lat' dir='ltr'>et</span> <span class='ocrx_word' id='word_1_97' title='bbox 979 2648 1107 2739; x_wconf 72' lang='lat' dir='ltr'>elegan-</span> 
     </span>
     <span class='ocr_line' id='line_1_19' title="bbox 138 2771 1109 2865; baseline 0.002 -28"><span class='ocrx_word' id='word_1_98' title='bbox 138 2772 236 2854; x_wconf 82' lang='lat' dir='ltr'>tiam,</span> <span class='ocrx_word' id='word_1_99' title='bbox 260 2796 326 2863; x_wconf 87' lang='lat' dir='ltr'>qua</span> <span class='ocrx_word' id='word_1_100' title='bbox 346 2771 567 2838; x_wconf 85' lang='lat' dir='ltr'>subtilissimas</span> <span class='ocrx_word' id='word_1_101' title='bbox 592 2778 738 2864; x_wconf 84' lang='lat' dir='ltr'>quasque</span> <span class='ocrx_word' id='word_1_102' title='bbox 759 2773 961 2865; x_wconf 71' lang='lat' dir='ltr'>quaestiones</span> <span class='ocrx_word' id='word_1_103' title='bbox 979 2789 1015 2839; x_wconf 78' lang='lat' dir='ltr'>et</span> <span class='ocrx_word' id='word_1_104' title='bbox 1030 2792 1109 2863; x_wconf 76' lang='lat' dir='ltr'>per-</span> 
     </span>
     <span class='ocr_line' id='line_1_20' title="bbox 136 2889 1105 2985; baseline -0.004 -25"><span class='ocrx_word' id='word_1_105' title='bbox 136 2894 282 2984; x_wconf 76' lang='lat' dir='ltr'>epexerit</span> <span class='ocrx_word' id='word_1_106' title='bbox 316 2889 405 2960; x_wconf 90' lang='lat' dir='ltr'>ultro</span> <span class='ocrx_word' id='word_1_107' title='bbox 440 2910 472 2959; x_wconf 91' lang='lat' dir='ltr'>et</span> <span class='ocrx_word' id='word_1_108' title='bbox 507 2890 651 2960; x_wconf 89' lang='lat' dir='ltr'>dilucide</span> <span class='ocrx_word' id='word_1_109' title='bbox 688 2908 867 2983; x_wconf 83' lang='lat' dir='ltr'>ornateque</span> <span class='ocrx_word' id='word_1_110' title='bbox 901 2892 1105 2985; x_wconf 79' lang='lat' dir='ltr'>expoeuerit,</span> 
     </span>
     <span class='ocr_line' id='line_1_21' title="bbox 38 3008 1109 3107; baseline 0.002 -30"><span class='ocrx_word' id='word_1_111' title='bbox 38 3097 40 3101; x_wconf 68' lang='lat'>,</span> <span class='ocrx_word' id='word_1_112' title='bbox 139 3036 208 3079; x_wconf 89' lang='lat' dir='ltr'>non</span> <span class='ocrx_word' id='word_1_113' title='bbox 230 3013 391 3078; x_wconf 88' lang='lat' dir='ltr'>minorem</span> <span class='ocrx_word' id='word_1_114' title='bbox 413 3010 599 3080; x_wconf 83' lang='lat' dir='ltr'>Aristoteles</span> <span class='ocrx_word' id='word_1_115' title='bbox 626 3029 770 3080; x_wconf 86' lang='lat' dir='ltr'>meretur</span> <span class='ocrx_word' id='word_1_116' title='bbox 791 3008 942 3106; x_wconf 76' lang='lat' dir='ltr'>laudem,</span> <span class='ocrx_word' id='word_1_117' title='bbox 965 3010 1028 3105; x_wconf 86' lang='lat' dir='ltr'>qni</span> <span class='ocrx_word' id='word_1_118' title='bbox 1047 3030 1109 3107; x_wconf 70' lang='grc' dir='ltr'>ῳ·</span> 
     </span>
     <span class='ocr_line' id='line_1_22' title="bbox 140 3126 1108 3223; baseline 0.001 -27"><span class='ocrx_word' id='word_1_119' title='bbox 140 3132 217 3197; x_wconf 87' lang='lat' dir='ltr'>tiori</span> <span class='ocrx_word' id='word_1_120' title='bbox 245 3148 279 3197; x_wconf 88' lang='lat' dir='ltr'>et</span> <span class='ocrx_word' id='word_1_121' title='bbox 305 3128 503 3218; x_wconf 80' lang='lat' dir='ltr'>diligentiori</span> <span class='ocrx_word' id='word_1_122' title='bbox 529 3131 631 3199; x_wconf 82' lang='lat' dir='ltr'>forma</span> <span class='ocrx_word' id='word_1_123' title='bbox 658 3154 788 3199; x_wconf 87' lang='lat' dir='ltr'>omnem</span> <span class='ocrx_word' id='word_1_124' title='bbox 819 3128 965 3198; x_wconf 90' lang='lat' dir='ltr'>induerit</span> <span class='ocrx_word' id='word_1_125' title='bbox 996 3126 1108 3223; x_wconf 88' lang='lat' dir='ltr'>pbilo-</span> 
     </span>
     <span class='ocr_line' id='line_1_23' title="bbox 138 3246 1113 3343; baseline 0.003 -29"><span class='ocrx_word' id='word_1_126' title='bbox 138 3246 272 3339; x_wconf 83' lang='lat' dir='ltr'>aopbiae</span> <span class='ocrx_word' id='word_1_127' title='bbox 310 3251 543 3318; x_wconf 87' lang='lat' dir='ltr'>tractationem.</span> <span class='ocrx_word' id='word_1_128' title='bbox 595 3248 780 3319; x_wconf 79' lang='lat' dir='ltr'>Accedebat</span> <span class='ocrx_word' id='word_1_129' title='bbox 816 3246 984 3318; x_wconf 78' lang='lat' dir='ltr'>doetrinae</span> <span class='ocrx_word' id='word_1_130' title='bbox 1020 3248 1113 3343; x_wconf 75' lang='lat' dir='ltr'>copie</span> 
     </span>
     <span class='ocr_line' id='line_1_24' title="bbox 138 3352 1125 3463; baseline 0.011 -33"><span class='ocrx_word' id='word_1_131' title='bbox 138 3362 237 3458; x_wconf 85' lang='lat' dir='ltr'>plane</span> <span class='ocrx_word' id='word_1_132' title='bbox 261 3366 451 3456; x_wconf 80' lang='lat' dir='ltr'>singularis,</span> <span class='ocrx_word' id='word_1_133' title='bbox 475 3388 545 3438; x_wconf 91' lang='lat' dir='ltr'>tum</span> <span class='ocrx_word' id='word_1_134' title='bbox 577 3373 743 3439; x_wconf 74' lang='lat' dir='ltr'>universae</span> <span class='ocrx_word' id='word_1_135' title='bbox 769 3368 994 3463; x_wconf 71' lang='lat' dir='ltr'>philosophiae</span> <span class='ocrx_word' id='word_1_136' title='bbox 1021 3352 1125 3441; x_wconf 36' lang='lat' dir='ltr'>enti-⁵</span> 
     </span>
     <span class='ocr_line' id='line_1_25' title="bbox 140 3476 1113 3585; baseline 0.009 -34"><span class='ocrx_word' id='word_1_137' title='bbox 140 3486 263 3577; x_wconf 87' lang='lat' dir='ltr'>quioris</span> <span class='ocrx_word' id='word_1_138' title='bbox 290 3487 389 3579; x_wconf 85' lang='lat' dir='ltr'>plena</span> <span class='ocrx_word' id='word_1_139' title='bbox 419 3490 543 3557; x_wconf 87' lang='lat' dir='ltr'>notitia.</span> <span class='ocrx_word' id='word_1_140' title='bbox 588 3493 687 3558; x_wconf 83' lang='lat' dir='ltr'>Missa</span> <span class='ocrx_word' id='word_1_141' title='bbox 713 3476 823 3559; x_wconf 86' lang='lat' dir='ltr'>autem</span> <span class='ocrx_word' id='word_1_142' title='bbox 853 3492 942 3558; x_wconf 85' lang='lat' dir='ltr'>omni</span> <span class='ocrx_word' id='word_1_143' title='bbox 974 3514 1113 3585; x_wconf 79' lang='lat' dir='ltr'>coropa-</span> 
     </span>
     <span class='ocr_line' id='line_1_26' title="bbox 127 3602 1116 3704; baseline 0.008 -33"><span class='ocrx_word' id='word_1_144' title='bbox 127 3602 235 3673; x_wconf 84' lang='lat' dir='ltr'>·randi</span> <span class='ocrx_word' id='word_1_145' title='bbox 256 3605 411 3692; x_wconf 87' lang='lat' dir='ltr'>libidine,</span> <span class='ocrx_word' id='word_1_146' title='bbox 434 3632 501 3677; x_wconf 89' lang='lat' dir='ltr'>non</span> <span class='ocrx_word' id='word_1_147' title='bbox 528 3611 678 3704; x_wconf 86' lang='lat' dir='ltr'>ineptum</span> <span class='ocrx_word' id='word_1_148' title='bbox 706 3611 799 3682; x_wconf 83' lang='lat' dir='ltr'>nobis</span> <span class='ocrx_word' id='word_1_149' title='bbox 826 3634 936 3702; x_wconf 84' lang='lat' dir='ltr'>neque</span> <span class='ocrx_word' id='word_1_150' title='bbox 954 3606 1116 3679; x_wconf 65' lang='lat' dir='ltr'>intubum</span> 
     </span>
    </p>
   </div>
   <div class='ocr_carea' id='block_1_8' title="bbox 79 3894 813 4059">
    <p class='ocr_par' dir='ltr' id='par_1_8' title="bbox 79 3894 813 4059">
     <span class='ocr_line' id='line_1_27' title="bbox 79 3894 603 3971; baseline 0.004 -20"><span class='ocrx_word' id='word_1_151' title='bbox 79 3894 82 3899; x_wconf 85' lang='lat'>&#39;</span> <span class='ocrx_word' id='word_1_152' title='bbox 171 3901 215 3971; x_wconf 80' lang='grc'>(1)</span> <span class='ocrx_word' id='word_1_153' title='bbox 233 3900 356 3956; x_wconf 73' lang='lat' dir='ltr'>Laetare.</span> <span class='ocrx_word' id='word_1_154' title='bbox 375 3902 442 3955; x_wconf 72' lang='lat' dir='ltr'>tuat.</span> <span class='ocrx_word' id='word_1_155' title='bbox 461 3899 498 3953; x_wconf 84' lang='lat' dir='ltr'>v.</span> <span class='ocrx_word' id='word_1_156' title='bbox 520 3902 559 3958; x_wconf 79' lang='lat' dir='ltr'>tt.</span> <span class='ocrx_word' id='word_1_157' title='bbox 578 3903 603 3954; x_wconf 84' lang='lat'>5.</span> 
     </span>
     <span class='ocr_line' id='line_1_28' title="bbox 170 3984 813 4059; baseline 0.006 -23"><span class='ocrx_word' id='word_1_158' title='bbox 170 3984 547 4057; x_wconf 63' lang='lat' dir='ltr'>(2)Cic.Tuac.i.10,.</span> <span class='ocrx_word' id='word_1_159' title='bbox 687 4054 690 4059; x_wconf 26' lang='grc' dir='ltr'>Ι</span> <span class='ocrx_word' id='word_1_160' title='bbox 810 4016 813 4023; x_wconf 91' lang='grc'><em>·</em></span> 
     </span>
    </p>
   </div>
   <div class='ocr_carea' id='block_1_9' title="bbox 0 0 1264 4672">
    <p class='ocr_par' dir='ltr' id='par_1_9' title="bbox 0 0 1264 4672">
     <span class='ocr_line' id='line_1_29' title="bbox 0 0 1264 4672; baseline 0 0"><span class='ocrx_word' id='word_1_161' title='bbox 0 0 1264 4672; x_wconf 95' lang='lat' dir='ltr'> </span> 
     </span>
    </p>
   </div>
  </div>
 </body>
</html>
