2520 4672
603 333 623 394 5

124 535 280 626 exposita.
336 529 468 601 Etenim
503 537 557 602 isti
594 554 757 621 auctores,
797 540 856 630 qui
887 544 1032 630 expresse
1062 539 1099 606 i'd

127 654 189 720 sibi
216 671 418 739 sumserunt,
442 671 480 720 ut
501 657 588 722 Juris
612 656 779 724 historiam
804 658 1046 724 conscriberent
1067 674 1101 723 ct
1150 646 1156 656 .

126 771 248 865 placita
270 772 311 840 de
324 774 422 862 justo
445 772 634 859 colligerent
660 775 952 867 philosophorum,
976 793 1099 842 veteres

124 889 334 982 reliquerunt
356 893 495 960 intactos
518 912 573 959 aut
595 917 706 962 corum
728 919 833 985 pauca
854 893 1017 985 quaedam
1036 894 1101 960 alii

126 1007 197 1076 aliis
219 1030 337 1079 mutuo
350 1013 582 1103 surripuerunt
596 1011 688 1097 loca,
711 1015 805 1104 quasi
818 1012 868 1078 his
882 1011 1099 1082 memorandis

122 1128 277 1196 universa
303 1133 452 1220 quaestio
479 1130 708 1200 absolveretur.
754 1134 870 1223 Neque
898 1134 998 1219 igitur
1014 1139 1101 1225 'opus

125 1249 190 1314 erit
212 1241 327 1314 eorum
353 1247 448 1317 edere
479 1251 628 1334 nomina,
667 1252 726 1341 qui
748 1253 916 1341 ,superiori
941 1252 1100 1342 imprimis
1159 1264 1163 1274 '

125 1365 255 1432 saeculo
267 1364 365 1434 Iuris
377 1354 558 1435 Naturoilis
571 1368 742 1436 Historias
758 1372 1024 1460 conscripserunt
1038 1370 1098 1461 (1).

128 1484 195 1553 Sed
215 1486 264 1553 illi
285 1488 399 1570 ctiam,
423 1489 483 1578 qui
504 1489 726 1555 recentissimo
750 1506 896 1578 tempore
915 1487 1098 1573 diligentius

123 1605 167 1670 iis
193 1605 309 1672 studiis
336 1607 576 1690 incubuerunt,
608 1626 640 1674 et
660 1609 818 1693 originem
840 1608 979 1673 notionis
1002 1625 1100 1698 atquc

126 1725 331 1792 incrementa
366 1727 554 1811 investigare
592 1744 624 1791 et
661 1723 823 1790 illustrare
863 1727 970 1790 conati
1005 1744 1100 1809 sunt,

127 1840 374 1935 philosophiam
392 1861 500 1911 tamen
518 1862 664 1912 veterum
684 1870 804 1936 parum
827 1861 1002 1927 curarunt,
1026 1847 1100 1914 satis

109 1985 161 2051 se
196 1965 407 2052 praestituros
440 1965 674 2047 existimantes,
711 1965 738 2029 si
774 1986 797 2030 e'
828 1964 1006 2048 majoribus
1039 1962 1101 2031 illis

76 2136 81 2141 .
125 2081 302 2171 operibus,
326 2106 410 2172 quae
433 2084 540 2172 primo
562 2079 635 2148 loco
656 2080 815 2164 diximus,
840 2083 1014 2148 sententias
1038 2082 1101 2149 de-

125 2200 312 2266 scriberent
339 2199 601 2267 celebratissimas
626 2217 660 2269 et
687 2198 800 2265 addite
825 2198 936 2291 aliqud
959 2198 1100 2268 adnota-

129 2321 238 2404 tione,
262 2315 339 2386 cum
358 2305 534 2386 lectoribus
559 2319 837 2413 communicarent
859 2317 919 2409 (2).

171 2440 249 2506 Non
275 2440 374 2524 igitur
401 2437 516 2506 inutile
535 2435 612 2503 ,fore
640 2433 804 2523 judicari,
834 2437 918 2500 siin
943 2436 1006 2503 hac
1027 2439 1099 2503 mass
1188 2487 1192 2497 .

128 2559 211 2626 teria
241 2557 438 2624 elaboranda
468 2557 588 2625 virium
622 2554 807 2645 periculum
834 2553 992 2638 facerem,
1018 2571 1102 2646 ‘quos

160 2739 202 2810 (1)
221 2737 381 2791 Laudentur
405 2738 435 2790 in
458 2737 579 2789 omnibus
599 2735 656 2788 fere
675 2735 840 2804 compendiis
859 2735 932 2788 Juris
951 2722 1106 2804 Naturalis,

221 2823 250 2875 in
266 2839 382 2892 quorum
399 2821 532 2890 principio
550 2827 691 2871 monentur
707 2820 786 2887 vulgo
801 2818 930 2888 quaedem
948 2821 982 2872 de
998 2818 1110 2872 historio

222 2908 379 2976 disciplinae
392 2915 418 2959 et
431 2907 600 2971 auctoribus,
616 2904 663 2975 qui
676 2921 733 2955 eam
746 2903 969 2972 conscripserunt.
989 2904 1110 2957 vatiam

223 2992 299 3061 Krug
313 2991 461 3061 Encyclop.
484 2988 585 3043 Philos.
608 2988 675 3040 Lex.
694 3005 721 3040 r.
739 2988 913 3039 Rechtslehre.
950 2982 1005 3037 Eos
1023 3004 1110 3053 prop·

224 3082 296 3127 turca
315 3092 369 3125 non
389 3091 494 3127 necesso
515 3080 554 3125 cst
576 3070 701 3124 hocloco
715 3069 851 3130 excitare,
876 3067 964 3136 quod,
991 3066 1112 3136 quamvls
1167 3095 1170 3101 ·

221 3177 340 3229 magnam
362 3159 506 3212 videantur
525 3174 586 3209 cum
607 3160 760 3222 argumento
783 3158 876 3203 nostro
897 3149 997 3203 babere
1017 3166 1111 3205 necet·

224 3244 384 3308 citudinem,
403 3259 496 3297 revera
512 3240 616 3292 nullam
632 3234 741 3288 babent.

162 3329 204 3400 (2)
226 3327 278 3380 cff.
305 3325 432 3392 chrici,
462 3324 546 3376 ldee'n
570 3342 605 3373 zu
630 3322 704 3373 einer
729 3315 877 3373 wissensch.
902 3315 1037 3385 Begri'rnd.
1064 3317 1112 3368 der

222 3406 398 3461 Rechtslehre
416 3414 467 3461 cet.
493 3407 562 3458 Han.
574 3404 658 3470 1810,
679 3405 755 3472 cujus
772 3403 872 3470 primae
890 3402 1001 3457 sectioni
1019 3401 1113 3453 titulus

223 3500 277 3558 est,
298 3487 421 3542 Versuch
442 3491 515 3541 einer
535 3485 698 3540 Geschichte
718 3487 764 3538 des
782 3483 987 3551 Rechtsbegriffs
1001 3483 1051 3532 seit
1061 3481 1113 3533 den

224 3573 364 3629 friibcsteu
382 3574 471 3625 Daten
486 3573 528 3623 bis
544 3588 592 3621 zur
602 3566 830 3638 Bildungsepocbc
842 3568 887 3639 des
896 3561 1042 3620 wissenscb.
1053 3561 1113 3616 Na-

219 3650 365 3712 turrechts.
383 3657 426 3709 Cf.
436 3656 523 3709 Praei.
534 3675 562 3723 p.
572 3670 617 3707 XI.
628 3653 821 3719 -Welcker,
841 3653 894 3704 Die
905 3653 1003 3701 letztcn
1014 3646 1112 3701 Griin-

224 3745 257 3796 dc
277 3759 331 3796 von
348 3736 452 3802 flecht,
480 3736 557 3789 Staat
578 3738 633 3788 und
657 3736 762 3800 strate,
785 3735 882 3805 philos.
900 3732 955 3782 und
971 3726 1113 3783 recbthist.

221 3822 381 3880 entwiclelt.
418 3818 531 3871 Giesseu
553 3820 639 3884 1813,
659 3838 686 3886 p.
703 3813 960 3871 oso-450.-v0n
979 3813 1110 3873 Raumer,

223 3914 292 3979 iiber
320 3910 363 3961 dic
390 3904 545 3976 geschichtl.
572 3903 731 3958 Entwickel.
759 3904 810 3954 der·
828 3901 903 3968 Bcgr.
931 3917 983 3952 von
1007 3895 1109 3959 hecht,

162 3980 168 3986 '
220 3994 298 4048 stat
317 3993 371 4060 ana
390 3989 501 4044 iuuit
540 3972 633 4058 napa.
655 3991 732 4041 iseo.
751 4006 777 4054 p.
798 3985 891 4037 3-2u
1053 3981 1055 3985 ’
