2542 4672
601 331 663 396 301

148 545 201 609 toti
229 545 272 625 ’μὴ
297 540 444 628 βλάπτειν
471 539 638 623 ἀλλήλους,
668 542 743 626 μηδὲ
770 541 976 630 βλάπτεσθαι,
1007 570 1113 638 nequo

146 660 225 745 justi
253 658 489 726 observantiam
515 659 692 748 potentiori
718 657 778 725 soli
806 677 839 726 at
865 663 1012 731 omnihus
1033 669 1114 753 juris

151 777 324 868 capacibus
347 775 528 844 conducere
556 778 678 844 statuit.

191 896 243 961 Ex
262 895 399 985 Epicuri
420 897 516 980 igitur
539 898 697 962 sententia
717 921 754 963 ea
776 914 892 962 natura
913 903 998 985 justa
1018 918 1112 985 sunt,

148 1037 233 1104 qnae
268 1014 442 1081 constituta
475 1015 511 1078 in
545 1016 670 1082 civitate
698 1018 867 1107 proposito
901 1042 959 1084 suo
996 1021 1114 1086 civium

148 1130 309 1198 felicitatis
332 1132 571 1224 promovendae
593 1135 655 1200 rite
678 1133 889 1226 respondent.
936 1134 1111 1222 Obligandi

147 1248 222 1345 tons
249 1253 284 1315 in
310 1268 408 1340 pa'cto
434 1253 518 1317 inest
535 1252 602 1343 (l),
630 1277 742 1319 verum
763 1255 863 1343 ipsius
888 1257 976 1344 pacti
989 1257 1109 1320 ineun-

146 1367 183 1435 di
221 1370 448 1460 opportunitas
490 1394 529 1435 ex
565 1388 697 1437 naturae
739 1369 808 1456 lege
845 1371 1025 1463 repetenda
1052 1390 1111 1439 est.

144 1489 358 1575 Argutissima
384 1488 463 1555 haec
490 1506 524 1554 et
550 1513 622 1556 vere
649 1488 814 1580 praeclara
842 1492 1018 1573 sententia,
1059 1491 1113 1557 cui
1194 1464 1198 1471 Ι

142 1609 180 1673 in
210 1625 400 1693 argumento
427 1624 538 1675 nostro
568 1609 676 1675 nescio
704 1606 796 1698 quod
822 1625 970 1675 veterum
996 1606 1109 1698 philo-

142 1726 324 1817 sophorum
349 1724 507 1816 placitum
537 1744 783 1818 anteponerem,
818 1749 885 1791 non
916 1750 955 1791 eo
980 1724 1047 1791 solo
1076 1749 1110 1791 se

142 1842 366 1927 commendat,
397 1843 508 1935 quod,
547 1869 646 1935 quam
672 1847 714 1911 ob
744 1869 871 1911 causam
893 1848 947 1931 jus
973 1845 1109 1912 institu-

141 1979 215 2031 tum
245 1961 420 2055 perhibeat
455 1961 523 2052 (2),
560 1966 602 2030 ob
630 1963 766 2033 eandem
800 1964 915 2033 doceat
948 1984 1111 2058 perpetuo

173 2174 217 2246 [1)
237 2175 307 2228 Hinc
322 2175 453 2245 Epicurus
473 2164 564 2229 docuit
587 2176 679 2245 (Diog.
698 2176 732 2228 L.
751 2178 771 2228 l.
788 2179 807 2229 l.
827 2178 901 2232 Sent.
918 2180 1009 2248 35.“)
995 2197 1044 2231 ooo
1060 2180 1115 2232 τῶν

234 2259 309 2328 (tion
335 2264 372 2326 μὴ
397 2262 519 2326 ἠδύνατο
544 2263 683 2326 συνθήκας
699 2264 843 2310 ποιεῖσθαι
860 2263 908 2317 τὰς
925 2260 994 2330 ὑπὲρ
1010 2263 1060 2311 τοῦ
1077 2264 1114 2328 μὴ)

233 2341 371 2405 βλάπτειν
393 2342 517 2410 ἄλληλα,
543 2342 615 2409 μηδὲ
642 2341 833 2403 βλάπτεσθαι·
856 2344 922 2438 πρὸς
948 2347 1040 2394 ταῦτα
1067 2346 1115 2397 οὐ·

232 2425 287 2475 dtr
311 2426 383 2477 ἐστιν
411 2424 476 2475 οὐδὲ
504 2424 629 2482 δίκαιον,
658 2420 723 2470 οὐδὲ
749 2419 891 2472 didauoo·‘
875 2424 998 2482 ωσαὺτως
1016 2427 1048 2476 δὲ
1066 2427 1115 2476 καλ

145 2502 169 2519 ’“
207 2506 212 2517 “
232 2504 288 2559 rin
312 2507 402 2581 idatio
426 2507 476 2558 ὅσα
499 2504 542 2572 μὴ’
559 2505 699 2571 ἠδύνατο,
724 2504 743 2569 ἢ
765 2508 802 2571 μὴ
825 2505 957 2568 ἐβούλετο
974 2508 1032 2566 ’τὰς
1049 2510 1121 2558 αντὶ

231 2596 325 2660 θήκας
347 2598 510 2654 ποιεῖσθαι,
535 2593 583 2649 τὰς
601 2589 670 2661 ὑπὲρ
687 2590 737 2639 τοῦ
757 2594 794 2655 μὴ
810 2590 949 2653 βλάπτειν
964 2591 1111 2659 ἀλλήλους,

232 2678 304 2746 μηδὲ
328 2679 519 2744 βλάπτεσθαι.
555 2675 649 2726 Priora
671 2674 719 2741 ῌΙα
743 2672 793 2723 ὅσα
812 2674 864 2724 τῶν
886 2673 960 2741 ζώων
980 2675 1113 2751 praebue-

163 2758 167 2765 '
231 2766 295 2812 runt
323 2778 411 2811 ansam
432 2758 598 2827 quaestioni,
629 2768 661 2808 au'
683 2757 764 2825 igitur
789 2764 875 2809 essent
891 2758 1013 2809 animalia
1031 2777 1115 2828 quae-

231 2845 311 2908 dam,
337 2845 435 2912 quibus
458 2844 524 2912 jutis
548 2834 719 2910 capacitatem
740 2843 865 2895 tribuerit
884 2842 1035 2912 Epicurus?
1069 2843 1113 2897 Cf.

227 2926 361 2980 Gasscndi
387 2928 458 2979 Anu.
484 2928 517 2978 ad
538 2925 566 2979 h.
587 2928 607 2978 l.
633 2925 706 2994 Opp.
726 2926 759 2978 T.
779 2926 815 2979 V.
835 2947 862 2995 p.
882 2930 941 2979 157.
977 2927 1032 2980 Sed
1048 2925 1113 2979 haec
1202 2914 1205 2929 ¹

231 3027 264 3062 co
291 3009 445 3076 explicanda
468 3008 613 3073 videntur,
640 3011 713 3078 quod
736 3028 749 3061 e
772 3011 887 3078 generali
903 3009 1054 3078 principio,
1081 3024 1114 3058 ex

144 3099 180 3135 -·'·
230 3093 384 3159 discipliuae
409 3110 469 3143 suae
494 3092 595 3142 rationo
614 3093 718 3158 petito,
742 3099 833 3142 mutua
856 3093 971 3160 gentium
986 3093 1046 3160 jura
1063 3089 1115 3140 de·

230 3177 309 3229 finire
338 3178 464 3231 volucrit.
506 3175 638 3228 Omnibus
660 3177 835 3240 animantibus
855 3177 973 3227 innatum
998 3182 1037 3227 est
1054 3182 1114 3227 stu-

232 3263 307 3313 dium
323 3261 468 3329 voluptatis
488 3258 633 3339 (⁹³⁰8ss
652 3260 700 3309 l.l.
719 3259 745 3324 ᾗ.
757 3260 815 3309 137.
834 3257 890 3310 Cic.
910 3257 969 3309 Fin.
987 3255 1112 3326 ll.10.),

153 3344 157 3349 '
202 3401 205 3405 Α
229 3344 346 3396 sednon
363 3345 451 3396 omnia
469 3351 580 3411 possunt
595 3344 679 3411 pactis
698 3343 840 3396 convenire
858 3348 889 3394 ut
905 3360 991 3411 neque
1009 3343 1114 3394 laedant

160 3454 165 3479 t
229 3446 317 3496 neque
333 3428 486 3479 laedantur:
506 3444 564 3495 erga
582 3425 646 3479 hacc
661 3444 743 3493 vero,
763 3428 810 3495 qui
824 3444 879 3479 uon
894 3432 1018 3494 possunt,
1037 3425 1112 3476 nullo

229 3513 289 3580 jure
307 3518 441 3577 tenemur,
469 3512 531 3580 quia
550 3511 669 3581 alioquin
689 3527 781 3562 eorum
800 3511 931 3580 voluptati
948 3528 1048 3562 morem
1066 3528 1113 3578 ge·

200 3594 366 3661 '.rcremus,
395 3597 443 3648 etsi
466 3598 515 3648 ista
532 3605 648 3648 nostram
670 3597 740 3648 sorte
767 3595 910 3647 offendant.
947 3593 1008 3664 Qua
1027 3602 1114 3649 autem

162 3724 165 3729 ,
203 3722 206 3727 .
228 3676 332 3730 radone
356 3697 416 3749 arga
439 3681 517 3748 ζῶα,
546 3680 657 3745 eddam,
682 3680 705 3732 si
724 3679 860 3748 conjuncti
880 3685 1011 3746 tamquam
1029 3678 1113 3738 ἔθνος

231 3760 446 3827 consideramus,
465 3780 524 3831 erga
540 3763 642 3832 reliqua
657 3762 748 3815 ἔθνεα
766 3771 893 3815 tenemur.

170 3847 214 3919 (2)
236 3845 399 3917 Porphyrius
416 3849 449 3900 de
463 3848 567 3901 Abstin.
588 3847 622 3900 L.
641 3848 664 3901 1.
680 3853 707 3919 ᾗ.
725 3848 901 3901 7-12n0hi1
916 3847 1031 3903 servavit
1048 3845 1113 3915 pul-

232 3932 373 3985 cerrimum
388 3932 558 4000 fragmentum
576 3932 719 3987 Hermachi
738 3932 879 4004 Epicurei,
899 3933 928 3985 in
941 3950 996 4002 quo
1014 3932 1048 3985 de
1065 3947 1113 3983 so-

1056 4032 1113 4068 cte-
