2520 4672
524 336 529 347 -
587 291 648 357 104

141 504 285 597 primum
310 502 345 567 tn
367 524 457 570 verae
483 448 708 592 panos‘opntae
736 498 836 565 nun
863 500 983 568 vntum
1009 505 1093 593 pea-

143 622 254 691 oulum
275 619 414 705 factum3
448 618 536 685 unde
561 636 648 686 recte
670 617 786 686 dixisse
813 619 907 691 nobis
935 618 1095 706 videmur,

141 765 257 808 novam
283 739 346 805 hoe
372 737 443 804 loeo
470 762 527 804 nos
558 737 686 823 ingredi
718 736 898 830 periodum.
944 739 1097 833 Nonne·

141 881 250 946 gamus
285 875 377 925 antea
404 854 539 947 quidem
568 857 605 921 in
635 874 776 924 mentem
805 858 928 925 venisse
955 858 1096 927 bomini·

142 977 225 1059 bus,
248 992 285 1041 ut
310 992 522 1066 quaererent,
546 999 628 1066 quae
652 975 783 1043 tandem
798 977 904 1068 prime
921 1001 1016 1045 eausa
1033 981 1099 1066 jnr-

143 1096 185 1180 ti,
219 1092 309 1187 quod
346 1116 456 1160 omnes
491 1091 616 1160 colent:
648 1092 705 1159 sed
744 1093 971 1185 praeciderant
1007 1097 1101 1182 magis

143 1214 383 1306 quaestionem,
407 1236 508 1303 quam
528 1211 738 1280 absolverant.
771 1213 906 1282 »Aurea
924 1212 1034 1306 prima
1050 1238 1101 1281 ta·

93 1419 96 1425 .
142 1352 175 1400 ta
203 1351 285 1399 aetas
312 1333 383 1400 est’'
413 1347 475 1398 eto.
529 1329 637 1399 Aurea
673 1348 755 1398 aetas
782 1331 838 1399 illa
863 1331 1031 1424 exemplar
1058 1331 1104 1423 (l)

141 1426 285 1541 primum
319 1452 442 1536 agnitae
477 1474 515 1516 ao
547 1448 652 1517 cultae
686 1451 826 1537 justitiae
862 1449 979 1535 refert,
1018 1470 1105 1519 ortae

141 1566 193 1637 vel
218 1568 363 1660 primum
387 1568 550 1634 institutae
579 1569 744 1635 notionem
767 1569 893 1635 nullam
915 1570 975 1660 (2).
1022 1572 1106 1639 For-

141 1706 241 1772 tasse,
273 1686 390 1754 dixerit
418 1689 510 1777 quis,
543 1685 584 1753 de
616 1686 778 1756 industria
806 1686 880 1754 telio
906 1690 1107 1774 omiserunt,

141 1829 210 1873 non
236 1829 364 1872 necesse
395 1828 461 1871 esse
498 1805 687 1897 opinantes,
720 1806 845 1898 quippe
883 1810 941 1898 qui
975 1808 1108 1876 innatas

139 1923 201 1990 sibi
240 1921 296 1988 has
329 1917 475 1989 notiones
511 1924 732 1991 existimarint.
786 1924 836 1991 Sit
872 1925 937 1993 ita:
970 1942 1007 1992 at
1034 1951 1113 1996 vero

141 2041 299 2133 Sophistis
328 2060 397 2108 tum
423 2044 526 2127 major
552 2040 620 2108 laus
647 2041 803 2127 debetur,
835 2066 956 2111 crassae
982 2068 1108 2136 super·

140 2159 277 2230 stitionis
308 2156 543 2243 desertoribus,
576 2162 635 2250 qui
663 2159 782 2227 nullius
810 2163 955 2229 notionis
975 2163 1111 2231 moralis

140 2278 295 2364 originem
322 2278 480 2345 nobismet
501 2276 573 2344 solis
602 2277 714 2346 deberi
740 2277 899 2362 viderint,
921 2304 1036 2349 verum
1056 2305 1111 2350 eas

139 2397 247 2488 potius
287 2412 491 2463 externarum
527 2420 638 2464 rerum
676 2396 822 2489 impulsu
862 2399 1110 2468 communicari.

134 2514 299 2611 'Nimirum
320 2514 477 2600 justitiam
498 2513 669 2606 Sophistae
688 2515 929 2606 perhibuerunt
953 2538 1023 2584 esse
1047 2519 1110 2585 in-

140 2651 294 2716 ventum,
332 2631 422 2721 quod
453 2632 566 2722 primis
605 2633 824 2722 temporibus,
860 2657 965 2723 quum
997 2638 1111 2705 omnia

140 2749 244 2818 libero
280 2749 414 2816 arbitrio
450 2765 638 2834 regerentur
674 2749 921 2835 asortioribus,
959 2750 1011 2820 hit
1039 2754 1110 2823 im-

141 2866 321 2936 becilliores
349 2885 591 2959 opposuerunt3
632 2867 723 2959 quod
755 2867 892 2954 deinde,
927 2872 963 2936 in
991 2873 1111 2961 queris

143 2987 270 3056 civitate
298 2985 505 3075 adoptatum,
528 2987 708 3078 potentiam
733 2985 839 3073 legum
859 2985 1111 3059 moderatricem

144 3123 326 3174 consectata
359 3123 415 3173 est.
469 3103 582 3172 Multis
616 3106 702 3173 vitiis
728 3103 876 3173 laborare
910 3105 998 3174 bano
1027 3109 1109 3176 sen-

144 3225 293 3305 tentiam,
330 3222 372 3290 de
408 3248 472 3314 qua
507 3223 611 3308 infra,
642 3222 701 3290 ubi
736 3223 778 3291 ad
812 3242 978 3292 auctorem
1012 3250 1112 3295 suum

144 3339 320 3422 reseratur,
342 3339 457 3424 latius,
480 3367 548 3408 non
568 3341 770 3411 inficiamur:
796 3366 906 3412 verum
923 3344 988 3411 hoe
1010 3367 1109 3430 egre·

142 3461 233 3548 gium
259 3460 360 3551 ipsius
386 3462 537 3526 meritum
564 3479 630 3544 est,
663 3459 752 3553 quod
779 3463 964 3552 primariam
994 3459 1109 3530 bomi-

60 3656 64 3662 .
142 3603 224 3647 num
252 3577 473 3647 conditionem
499 3596 599 3670 ponat
625 3579 811 3648 destitutam
845 3581 925 3667 juris
952 3580 1110 3669 notione,

144 3716 178 3766 et
211 3697 309 3786 hujus
346 3721 385 3765 ex
412 3694 466 3763 illt
493 3699 695 3793 principium
721 3698 852 3770 derivet.
898 3698 1014 3788 Quum
1040 3698 1112 3771 hoe

175 3877 216 3943 (l)
236 3875 349 3929 Vernae.
369 3880 472 3930 Ideaal.

176 3957 218 4026 (2)
237 3957 281 4008 Ci.
298 3974 375 4026 supra
393 3976 420 4026 p.
441 3961 481 4010 10.
