2542 4672
530 326 594 397 267

74 545 148 619 fert.
192 537 326 617 Etenim
350 544 380 607 οἱ
396 543 488 624 νόμοι
513 541 686 625 otmarum
706 544 773 626 περὶ
794 544 952 610 ἁπάντων·
961 588 1047 613 .....

73 671 257 754 προπίπτει.
271 663 348 735 δι’,ὁ
366 665 477 741 νόμος,
508 663 562 725 καὶ
587 663 627 725 τὰ
649 668 701 725 τοῦ
724 661 865 745 ἀνδρείου
886 665 960 748 ἔργα
980 690 1049 730 ποι-

74 794 166 855 ιῖιι...
176 827 185 847 .
196 785 292 851 ...καὶ
306 785 345 847 τὰ
358 788 410 849 τοῦ
424 785 576 865 σώφρονος
586 822 672 843 .....
687 783 738 843 καὶ
753 784 791 844 τὰ
805 787 856 847 τοῦ
871 792 1007 869 reticet.
1018 830 1048 851 ..

72 904 184 989 ὁμοίως
205 902 244 969 δι’.
258 904 310 967 eat
333 903 412 969 κατὰ
432 903 486 973 τὰς
507 898 603 973 ἄλλοις
616 900 723 983 ἀρετὰς
737 902 788 963 nal
801 903 987 986 μοχθηρίας,
1009 908 1050 968 τὰ

69 1025 128 1106 μὲν
142 1020 290 1100 κελεύων,
303 1024 343 1099 at
355 1019 384 1085 rl’
397 1020 594 1103 ἀπαγορεύων
611 1013 672 1104 (l).
695 1016 911 1108 Quapropter
924 1021 1048 1103 justitia

70 1139 212 1207 liabetur
239 1139 280 1205 ab
306 1133 479 1227 Aristotele
506 1136 608 1202 τελεία
628 1138 737 1223 ἀρετή,
760 1134 888 1226 duplici
911 1136 1063 1227 quidem·

70 1283 195 1345 sensu...
207 1256 330 1348 priori,
353 1279 422 1346 quo
439 1254 652 1341 distinguitur
674 1256 716 1321 ab
739 1279 778 1320 ea
796 1257 940 1341 justitia,
963 1282 1048 1348 quae

71 1383 105 1447 ἓν
138 1379 221 1465 μέρει
256 1379 361 1464 αἱρετῆς
398 1391 563 1458 versatur,
599 1391 634 1440 et
667 1398 735 1464 quo
761 1373 885 1443 dicitur
912 1401 1046 1468 quoque

72 1497 130 1582 atq
155 1499 267 1585 α’ριτής
288 1494 410 1577 altero,
442 1517 510 1583 quo
535 1494 635 1584 ipsius
663 1495 753 1558 notio
779 1492 976 1560 discernitur
1003 1521 1044 1562 e-

72 1616 152 1682 tiam
177 1615 220 1681 ab
248 1612 395 1683 absoluta
419 1613 547 1680 virtutis
574 1612 725 1679 notiones
755 1630 804 1679 est
830 1614 920 1679 enim
945 1617 1047 1683 τελεία
1161 1660 1167 1668 ·
1264 1678 1266 1691 ,

74 1726 229 1825 quidem,
261 1752 295 1801 at
321 1737 376 1822 οὐχ
406 1733 529 1815 ἁπλῶς,
561 1732 641 1799 dttt
669 1736 742 1818 πρὸς
767 1732 890 1821 ἕτεροις
914 1733 1047 1818 μάλιστα

70 1853 325 1937 ωἰιιιιιιπιλεία,
358 1855 407 1919 ὅτι
433 1861 487 1936 τῆς
513 1851 629 1927 τελείας
654 1853 760 1938 ἀρετῆς
786 1854 887 1938 χρῆσίς
913 1857 985 1919 ἐστι·
1012 1869 1046 1921 et

68 1976 119 2040 ὅτι
142 1979 163 2040 ὁ
186 1976 264 2061 ἔχων
290 1964 406 2055 airis,
433 1974 486 2037 καὶ
512 1975 585 2058 πρὸς
611 1970 712 2057 ἕτερον
740 1973 869 2039 δύναται
890 1981 928 2058 τῇ
952 1976 1045 2061 ἀρετῇ

71 2100 223 2180 χρῆσθαι,
246 2092 315 2159 ἀλλ’
340 2094 375 2158 οὐ
396 2096 491 2175 μόνον
519 2092 593 2156 καθ’
614 2095 706 2158 αὐτόν
728 2089 788 2180 (2).

101 2211 200 2299 ,Satis
227 2209 308 2277 haec
331 2211 507 2302 perspicua
532 2225 627 2291 sunt,
649 2231 759 2299 neque
786 2230 845 2274 nos
871 2215 1045 2275 m'craren-

69 2349 128 2397 tur
164 2329 308 2417 diutius,
344 2330 407 2395 nisi
438 2306 545 2418 riuper
572 2325 687 2393 doctus
715 2327 899 2394 Germanus
926 2326 1045 2418 aliquis

69 2470 140 2519 tam
174 2448 346 2535 magnifica
381 2447 423 2515 de
457 2448 521 2514 hoc
559 2445 740 2515 Aristotelis
777 2445 899 2538 placito
926 2446 1044 2537 prodi-

65 2569 172 2637 discet
193 2567 261 2658 (3),
293 2584 331 2633 ut
357 2567 386 2632 si
412 2564 454 2632 ed
486 2563 549 2631 alia
576 2568 782 2633 transiremus
811 2564 917 2647 illico,
951 2569 1048 2657 quasi

63 2687 192 2775 injuria
217 2684 356 2753 affecisse
387 2681 595 2750 Aristotelem
621 2682 828 2768 videremur,
857 2684 924 2775 ipsi
946 2682 1046 2753 vide-

66 2806 148 2875 licet
170 2807 357 2871 tribuentes.
365 2826 503 2893 parum.

75 2968 80 2977 ·
110 2922 253 2994 Videtur
289 2942 398 2991 autem
432 2923 495 2989 sibi
529 2922 580 2990 vir
614 2919 665 2988 Cl.
695 2924 732 2987 in
758 2920 917 2991 divisione
944 2927 1047 3011 justi·

64 3047 151 3128 tiae,
169 3068 289 3135 .quam
316 3043 479 3127 attigimus
515 3044 582 3127 jam
613 3059 647 3108 et
677 3066 752 3108 mox
780 3045 912 3109 uberius
938 3069 1043 3136 expo-

63 3189 206 3261 neruus,¹
246 3164 282 3227 in
309 3160 524 3228 universalem
550 3179 584 3228 et
610 3161 862 3252 particularem,
899 3163 1048 3231 admira--

62 3282 148 3351 bilia
183 3281 348 3374 quaedam
381 3283 541 3350 invenisse
570 3306 606 3347 ac
631 3283 824 3371 praesertim
847 3283 884 3346 in
910 3283 1043 3351 Aristo·

29 3494 33 3501 ι
63 3402 163 3471 telica
199 3404 341 3489 justitiae
377 3399 565 3491 universalis
602 3403 751 3485 notione,
793 3426 860 3492 qua
895 3427 934 3470 ex
974 3406 1049 3489 ejus

63 3525 231 3591 sententia
258 3523 457 3608 gravissimae
477 3519 526 3586 illi
553 3519 595 3586 dc
622 3545 710 3614 nexu
732 3521 875 3588 ethicam
902 3523 988 3588 inter
1011 3540 1046 3589 et

100 3765 142 3835 (1)
164 3763 247 3815 Arist.
256 3761 363 3816 Nicom.
382 3760 418 3813 V.
437 3714 601 3815 3.5..9itc
620 3762 663 3816 cf.
675 3761 712 3817 V.
723 3764 748 3815 5.
759 3763 779 3816 1.
791 3781 815 3816 c.
827 3761 907 3816 Rhet.
920 3764 943 3817 1.
952 3766 978 3816 9.
990 3767 1050 3818 531.

103 3847 146 3917 (2)
167 3845 273 3899 Nicom.
292 3844 329 3897 V.
349 3847 374 3897 3.
394 3846 436 3896 59.
455 3844 493 3897 D.

101 3928 561 4004 (a)c.A.v.Drcste-Hu1ahor
582 3932 616 3984 de
640 3932 723 3987 Arist.
748 3935 830 4010 just.
837 3932 911 3986 uuir.
936 3938 964 3984 et
981 3938 1051 3999 part.

166 4023 222 4070 cet.
246 4016 332 4069 Βοιιιι.
352 4013 427 4066 1826.
