2520 4672
624 331 688 397 243

159 542 268 609 rendi.
312 542 415 632 Saepe
438 541 497 624 lit,
520 558 557 611 ut
577 564 653 609 cum
675 541 835 610 radonem
858 545 925 628 jam
947 548 1136 636 praeserip-

155 663 256 744 serit,
294 686 361 752 qua
397 661 564 730 materiem
598 658 741 750 aliquam
777 678 917 729 tractare
954 665 1017 753 sihi
1052 684 1134 755 pro*

156 782 337 871 posuisset,
381 782 417 846 in
458 782 665 871 repentinam
706 778 873 871 quandam
909 780 1036 852 incidat
1072 781 1154 879 ali-p

152 905 250 987 cujus
276 899 391 992 placiti
420 900 775 982 commemorationem,
812 924 850 969 ac
888 903 982 990 quasi
1012 903 1134 971 invitus

152 1021 190 1084 in
217 1019 326 1084 media
353 1008 403 1087 via
428 1016 604 1085 consilium
630 1035 737 1084 mutet
760 1018 822 1108 (l).

200 1136 267 1204 Sed
305 1138 346 1202 ab
385 1135 485 1203 altera
514 1153 608 1227 parte
638 1134 731 1225 decet
758 1153 850 1222 grato
876 1139 985 1204 animo
1010 1142 1130 1226 ingen-

155 1272 224 1321 tem
250 1255 458 1349 perpendere
494 1255 684 1340 utilitatem,
722 1281 805 1346 quae
842 1281 880 1324 ex
917 1256 1030 1323 eadem
1070 1258 1133 1327 hac

154 1400 253 1441 causa
287 1376 464 1466 sapientiae
502 1374 611 1443 studio
643 1375 811 1465 profluxit.
857 1376 927 1464 Qui
958 1377 1044 1447 enim
1071 1401 1129 1449 su·

124 1485 322 1585 ⁴periurum
353 1491 626 1584 philosophorum
658 1510 751 1560 acute
787 1518 911 1561 errores
938 1493 1128 1585 deprehen·
1214 1532 1215 1538 κ

151 1611 266 1695 deret,
303 1636 506 1703 summopere
536 1614 636 1695 cavit,
673 1635 715 1677 ne
752 1612 941 1688 eorumdem
976 1616 1130 1682 vitiorum

152 1756 229 1799 reus
253 1730 426 1815 evaderet,
458 1749 493 1800 et
528 1733 563 1799 in
589 1729 699 1802 multis
728 1729 810 1797 adeo
836 1733 934 1800 rebus
960 1733 1022 1799 sibi
1046 1757 1127 1822 pos-

127 1853 298 1943 terisque
339 1875 457 1920 novam
497 1875 536 1920 ac
571 1848 825 1941 probabiliorem
859 1852 944 1919 viam
977 1852 1127 1920 munivit.

151 1971 226 2037 Hoc
266 1971 427 2061 imprimis
466 1972 530 2062 ipsi
570 1967 767 2060 displicebat
808 1971 844 2035 in
881 1987 1028 2040 veterum
1057 1969 1128 2045 dis-
1233 2020 1237 2027 .

150 2091 403 2181 quisitionibus,
431 2088 523 2180 quod
550 2078 753 2175 singularum
780 2088 1033 2180 disciplinarum
1060 2114 1129 2157 non
1192 2159 1195 2166 ,

149 2209 228 2285 satis
256 2207 398 2276 diversas
429 2206 657 2300 disposuerant
683 2209 841 2291 rationes,-
871 2210 982 2298 itaque
1009 2211 1129 2282 mirum

147 2329 186 2393 in
232 2326 368 2395 modum
416 2328 692 2396 conturbaverant
732 2329 801 2401 veri
836 2328 1136 2412 investigationem?

150 2448 331 2517 Acciderat
365 2448 430 2515 hoc
467 2446 634 2540 duplicem
670 2449 713 2514 ob
745 2450 893 2530 causam,
932 2428 1067 2517 alteram
1092 2449 1129 2519 in

131 2568 379 2661 ¹disputationis
412 2586 502 2636 recte
537 2567 737 2635 ordinandae
765 2568 842 2635 artis
869 2564 1001 2635 delectu
1034 2566 1125 2654 posi-
1193 2638 1199 2649 Ι

151 2704 239 2771 tam,
274 2687 409 2754 alteram
442 2689 479 2753 in
512 2687 625 2775 'studio
656 2685 930 2779 philosophorum
956 2709 1025 2752 uno
1052 2709 1125 2752 om·

149 2830 229 2872 nem
255 2805 441 2903 doctrinam
476 2823 510 2872 et
527 2778 708 2897 ’physicam
734 2823 768 2872 et
801 2806 942 2873 ethicam
969 2829 1123 2894 compre-

148 2924 319 2992 hendendi
360 2925 539 3018 principio.
598 2923 788 2993 Aristoteles
824 2949 892 3015 quo
927 2925 1027 3010 magis
1061 2924 1126 2992 hoc
1179 2996 1181 3000 ,

147 3043 298 3110 studium
329 3045 528 3136 improbavit
557 3045 772 3136 (improbavit
808 3063 917 3115 autem
943 3043 1121 3115 vehemen-

146 3165 287 3232 tissimez
320 3164 400 3229 hinc
432 3162 811 3254 Pythagorae’numeros
839 3168 894 3230 οὐκ
921 3166 1035 3233 οἰκείαν
1060 3169 1124 3234 τῶν

145 3287 264 3370 ἀρετῶν
294 3284 427 3369 θεωρίαν
458 3266 664 3372 nunclrpavit
693 3281 761 3371 (2),
802 3282 882 3346 hinc
909 3280 1123 3372 reprehendit
1174 3327 1175 3330 =

143 3401 332 3484 Platonem,
357 3398 449 3491 quod
477 3426 552 3476 cum
577 3392 762 3492 quaestione
795 3400 837 3470 de
865 3403 1009 3470 moribus
1036 3399 1122 3468 illud

121 3564 125 3571 ι
179 3597 220 3665 (1)
241 3595 284 3647 cf.
304 3596 453 3649 Fiilleborn
474 3597 582 3650 Einleit.
603 3617 627 3650 z.
648 3599 731 3650 Arist.
751 3600 834 3652 Polit.
851 3602 945 3660 iibere.
964 3615 1018 3652 von
1038 3595 1128 3653 Garve

149 3725 151 3729 ,
261 3679 313 3731 ,7.
387 3716 393 3729 .
417 3701 419 3705 ’

171 3761 216 3831 (2.)
238 3696 437 3832 ἷτίειιῗὲεςη.
466 3765 538 3817 Mor.
566 3766 646 3830 1.‚1.
674 3767 733 3817 145.
757 3765 788 3817 C.
819 3765 974 3817 ltarandum
993 3762 1044 3816 hoc
1061 3765 1123 3817 loeo

235 3846 324 3912 duco,
343 3866 385 3898 me
405 3865 481 3902 usum
498 3865 552 3900 esse
569 3846 643 3900 Edit.
659 3848 772 3900 Duvall.
790 3848 873 3912 1629,
895 3847 1001 3916 quaudo
1015 3846 1125 3914 quidem
1185 3920 1187 3928 Ι

235 3929 264 3981 in
281 3929 364 3982 Arist.
383 3931 451 3983 libb.
471 3932 602 4001 capitibus
617 3930 809 4000 distinguendis
829 3928 1127 3997 maximopera'discree

230 4019 302 4085 ‘pant
316 4013 456 4068 editiones.

914 4111 917 4119 ·
941 4080 1009 4184 ,rui
