2520 4672
167 553 320 644 ··Quod
339 555 485 645 Sceptiei
512 578 579 620 non
607 554 750 621 multum
772 557 887 623 virtuti
911 557 1058 623 tribuere
1087 582 1148 649 po-

176 692 304 755 terunt,
342 675 378 736 in
414 691 530 764 operto
566 694 624 740 est.
682 676 754 738 Jam
783 661 1005 765 antiquiores,
1046 679 1102 766 qui
1136 703 1153 741 a

172 795 342 886 Pyrrhone
384 793 425 859 od
466 794 720 861 Aenesidemum
753 794 916 861 hahentur
953 794 1027 883 (Ι),
1071 799 1153 861 inter

113 927 115 930 ⁴
163 931 267 978 notos
298 937 371 978 suos
399 911 575 979 dubitandi
601 920 746 1001 τρόπους,
771 937 787 978 e
811 915 933 1002 quihus
963 920 1058 1001 ἐποχὴ
1083 913 1151 980 οοΙ·

171 1033 301 1119 ligitur,
325 1051 528 1124 postremum
551 1049 783 1115 recensuerant
807 1043 861 1102 τὸν
888 1040 972 1122 παρὰ
997 1041 1055 1109 τὰς
1076 1038 1154 1114 ἀγω-

149 1161 248 1237 ϊγὰς,
272 1159 323 1219 καὶ
349 1159 390 1219 ’τὰ
418 1159 494 1238 ἔθη,
518 1159 569 1219 καὶ
600 1158 672 1229 τούς
703 1159 829 1236 νόμους,
854 1158 905 1218 καὶ
934 1160 991 1228 τὰς
1023 1158 1153 1236 μυθικὰς

164 1279 308 1356 πίστεις,
341 1280 394 1339 καὶ
421 1280 475 1349 τὰς
508 1275 693 1356 δογματικὰς
722 1274 889 1356 ὑπολήψεις
918 1272 980 1361 (2).
1029 1281 1152 1355 Νόμος,

59 1432 61 1439 v
127 1430 130 1435 ·
160 1397 233 1486 qni
261 1394 421 1460 definitur
449 1399 598 1481 ἔγγραφος
629 1403 766 1478 συνθήκη
793 1399 876 1481 παρὰ
906 1403 978 1470 τοῖς
999 1395 1154 1460 πολιτευο-

172 1517 295 1599 μένοις,
327 1520 367 1596 ἣν
403 1521 422 1579 ὁ
456 1516 676 1602 παραβαίνων,
713 1514 874 1590 κολάζεται
903 1512 975 1601 (3),
1016 1539 1035 1576 a
1062 1513 1155 1578 Sexto

160 1634 359 1725 EmpirioO,
378 1636 436 1724 qui
453 1635 557 1700 varios
573 1633 631 1697 hos
642 1610 769 1717 τρόοοος
784 1648 1046 1715 commentatur,
1064 1657 1152 1717 mag-

140 1736 142 1744 *
168 1778 214 1818 na
241 1753 411 1820 doetrinae
440 1755 535 1842 copie
562 1769 595 1816 et
621 1753 743 1837 ingenii
776 1751 925 1816 acumine
954 1749 1039 1816 nlius
1068 1776 1152 1817 sem-

156 1884 231 1965 'per
261 1872 315 1938 alii
342 1876 548 1964 opponitur,
583 1874 648 1938 sive
678 1869 912 1936 consuetudini
940 1870 1076 1936 cuidem
1103 1889 1156 1936 aut

167 1996 269 2074 mori,
307 2010 345 2056 ut
380 2016 420 2057 ex
457 1991 585 2057 diverso
619 1991 790 2056 hominum
828 1988 953 2076 judicio
992 1992 1153 2081 probetur

168 2110 252 2176 nihil
280 2111 343 2178 hac
371 2114 407 2175 in
428 2136 465 2177 re
489 2136 549 2202 per
573 2137 605 2177 se
624 2113 751 2177 honum
771 2130 827 2177 aut
850 2114 977 2196 justum
995 2111 1153 2177 aestimari

167 2255 262 2321 posse
283 2232 344 2319 (Ι)
391 2230 627 2297 Aenesidemus
649 2233 746 2303 etiam
769 2219 921 2298 omnibus
935 2234 1150 2316 argumentis,

157 2350 252 2440 iqnne
281 2374 344 2441 pro
374 2349 584 2416 distinctione
612 2353 692 2416 honi
722 2375 759 2416 ac
787 2350 883 2432 mali,
915 2372 1053 2442 proque
1075 2353 1148 2417 uni-

166 2494 256 2535 versu
278 2471 398 2536 virtute
420 2497 438 2534 a
466 2471 663 2556 Dogma'tieis
689 2469 831 2562 proferri
855 2468 1025 2553 solebant,
1052 2496 1147 2558 argu·

153 2607 277 2657 menta
306 2611 473 2680 opponere
502 2592 656 2656 sustinuit
681 2590 741 2680 (5).

181 2709 348 2775 'Difficile
387 2709 480 2776 dictu
517 2730 584 2795 est,
621 2713 656 2775 in
682 2729 758 2778 utro
785 2710 1070 2802 Philosophorum
1097 2739 1146 2801 ge-

196 2959 238 3025 (l)
260 2955 335 3009 Sext.
356 2955 435 3024 Emp.
456 2958 486 3008 P.
506 2957 541 3007 H.
562 2957 585 3008 1.
606 2960 665 3010 164.
684 2957 752 3026 ibiq.
771 2957 853 3009 Febr.
949 2984 952 2991 ·
987 2966 990 2973 '

196 3041 238 3107 (2)
260 3038 336 3093 Sext.
356 3038 435 3108 Emp.
455 3042 486 3091 P.
506 3040 541 3090 H.
562 3041 585 3091 I.
605 3042 649 3092 37.

195 3122 236 3188 (3)
257 3119 332 3173 Sext.
352 3120 431 3189 Emp.
452 3124 482 3174 P.
502 3122 536 3173 H.
557 3122 581 3174 Ι.
602 3126 661 3176 146.

154 3234 159 3252 ·.
197 3206 238 3273 (t)
260 3203 335 3257 Sext.
355 3203 433 3274 Emp.
453 3207 484 3257 P.
504 3205 539 3255 H.
559 3205 582 3256 Ι.
604 3208 662 3258 148.
682 3224 743 3277 sqq.
778 3207 913 3260 Nimirum
937 3200 1063 3277 Scepriei
1085 3212 1151 3263 dice·

255 3292 339 3353 bant,
360 3291 382 3341 si
400 3309 468 3358 quae
486 3291 609 3342 omnibus
629 3293 720 3343 eadem
739 3298 913 3361 apparerent,
934 3290 1004 3347 haee
1018 3296 1080 3349 fore
1098 3311 1149 3349 verr

257 3375 407 3443 opinanda:
443 3375 518 3424 nulla
544 3392 609 3427 vero
636 3377 760 3428 omnibus
786 3377 882 3429 eodem
907 3377 993 3430 modo
1024 3395 1151 3446 apparere.

256 3457 299 3509 Cf.
329 3459 454 3509 Aenesid.
484 3460 555 3526 opud
581 3457 657 3512 Sext.
684 3458 763 3529 Emp.
790 3461 850 3512 adv.
868 3458 965 3513 math.
991 3460 1083 3515 vltl.
1105 3464 1148 3524 40,

255 3545 316 3593 215.
337 3536 397 3611 sq„
424 3544 484 3594 234.
502 3561 563 3613 sqq.
605 3542 732 3612 Ejusdem
755 3544 885 3596 sententia
910 3552 975 3597 eum
997 3544 1114 3615 Epicuri
1128 3551 1150 3596 et

257 3627 388 3678 Heracliti
413 3627 519 3695 placitis
545 3635 715 3694 comparator
736 3627 833 3695 ,eodem
850 3626 932 3678 tihro
951 3629 979 3694 ᾗ.
995 3630 1035 3693 8,
1055 3643 1150 3696 exque

255 3713 315 3762 loco
340 3713 448 3763 videtur
472 3712 644 3781 corrigendus
668 3712 750 3779 Diog.
767 3709 801 3762 L.
822 3709 875 3761 IX.
894 3711 957 3763 106.
987 3711 1030 3765 .si
1055 3713 1149 3766 scilieet

253 3795 293 3845 ibi
311 3812 362 3860 pro
382 3796 552 3865 Δημόκριτος
570 3801 717 3862 reponatur
734 3794 948 3865 ‘notaturus
963 3797 1044 3849 nulla
1062 3813 1149 3864 tuper-

255 3886 296 3929 est
313 3897 405 3943 cause,
426 3897 474 3930 cur
493 3880 596 3947 integra
612 3880 695 3933 verba
710 3877 743 3936 ὣς
760 3877 808 3927 καὶ
819 3877 889 3926 ’Δια
908 3884 1012 3946 -μὴ
1023 3874 1147 3932 εἶναιάν-

256 3964 334 4014 lenda
351 3981 519 4028 censeamus,
538 3964 607 4016 siout
614 3965 757 4035 proposuit
767 3963 909 4018 Holnerde
924 3963 1035 4018 Corum.
1047 3966 1067 4018 Ι.
1075 3986 1101 4036 p.
1111 3965 1147 4017 3⁰.

194 4046 234 4113 (ἵν)
257 4044 337 4098 Phot.
358 4046 507 4101 Cotum.
527 4064 554 4114 p.
576 4047 636 4098 545.
