2520 4672
589 284 648 353 138

140 519 176 578 et
197 526 215 566 a
238 523 304 590 quo
326 523 367 564 ue
388 496 449 588 ipsi
471 495 604 588 quidem
631 464 809 589 Sophistae⁴
825 499 987 569 immunes
1008 526 1105 571 man-

142 637 263 689 serunt.
308 619 410 700 Hinc,
433 618 578 708 quamvis
600 617 663 707 ipsi
676 615 801 708 aliquid
815 617 997 707 baberent,
1021 623 1112 716 quod

143 759 299 832 tanquam
319 742 443 826 justum
465 735 623 820 colerent,
652 736 827 823 injustitiae
849 735 940 823 laus,
968 741 1111 826 justitiae

141 859 356 951 vituperium3
387 857 466 924 binc
493 855 672 948 disputatio
693 855 859 925 Socratem
879 859 968 925 inter
988 876 1025 927 et
1045 859 1110 927 So·

105 1020 111 1031 ·
141 979 265 1070 phistas
293 978 472 1067 saepissime
502 973 634 1042 confusa
659 993 692 1041 et
713 973 890 1066 impedita,
919 993 962 1043 ut
983 979 1109 1045 obtun-

142 1097 246 1180 daris‚
270 1120 369 1188 quum
391 1092 609 1185 persuadeatis
626 1095 745 1185 potius.
786 1094 1028 1187 Thrasymachi
1051 1122 1108 1164 su-

142 1235 208 1283 tem
230 1212 397 1282 consilium
417 1237 485 1280 non
506 1212 587 1295 fuis,
612 1212 837 1304 Sophistarum
859 1215 1030 1306 opiniones
1052 1241 1109 1283 ex·

140 1333 262 1426 plicare
285 1331 326 1400 de
347 1355 404 1415 eo,
429 1331 520 1422 quod
542 1355 651 1400 revera
665 1334 789 1418 justum
801 1350 867 1417 cst,
890 1330 948 1400 scd
961 1332 1110 1403 indicare

142 1453 262 1538 voluit,
292 1451 373 1544 quid
402 1453 535 1543 proprie
563 1468 646 1518 esset
672 1453 732 1519 ista
761 1451 842 1518 adeo
868 1455 989 1540 jactata
1008 1456 1110 1541 justi·

142 1575 206 1656 tia,
242 1573 284 1640 de
316 1575 408 1658 cnjus
444 1571 520 1638 verb
554 1571 684 1638 notione
716 1570 861 1639 Socrates
889 1578 971 1638 'cum
998 1572 1110 1639 mnicis

141 1690 339 1783 colloquium
367 1691 560 1757 instituerat.
606 1691 652 1755 Ut
680 1690 765 1756 bene
795 1687 1012 1776 intelligamus
1039 1693 1110 1778 ejus

139 1829 297 1894 mentem,
315 1808 430 1876 dixisse
447 1833 522 1875 eum
537 1808 695 1896 fingamus
718 1825 735 1869 >t
747 1807 779 1876 V
777 1819 867 1875 estre
882 1813 955 1887 ¹ista
962 1810 1108 1896 jaoetits'c

140 1927 224 1995 nihil
253 1927 342 1994 uliud
372 1945 438 2011 est,
471 1953 570 2018 quam
592 1927 683 2018 quo'd
705 1928 893 2019 potentiori·
902 1926 1107 1997 conducit''=

82 2060 86 2068 ’
139 2046 336 2116 Socraticam
358 2044 427 2113 scil.
449 2047 623 2132 justitiam,
647 2071 730 2137 quae
751 2045 907 2132 inlegum
920 2044 1110 2115 obedientia

139 2168 243 2259 posita
263 2182 331 2233 erat
346 2164 412 2255 (l),
441 2165 504 2231 rite
526 2163 732 2244 definiendo,
764 2180 947 2256 suspectam
968 2162 1111 2234 reddere

141 2301 287 2353 conetur.
332 2285 471 2351 Uberius
491 2309 581 2350 suam
597 2285 787 2352 sententiam
802 2285 850 2352 ita
862 2282 929 2351 fere
941 2282 1106 2376 explicata

140 2405 180 2470 In
201 2411 399 2495 quacunque
420 2405 565 2486 civitate,
590 2426 804 2495 quaecunque
826 2403 868 2468 sit
888 2405 960 2489 ejus
981 2403 1107 2489 forms,

139 2525 332 2616 potentiores
367 2520 449 2610 leges
477 2522 578 2621 dant3
619 2520 711 2613 quod
739 2539 848 2588 autem
874 2519 959 2608 leges
988 2519 1109 2590 dantes

138 2667 229 2710 suam
249 2659 397 2733 spectent
418 2640 610 2725 utilitatem,
631 2644 667 2707 in
688 2658 800 2732 aperto
817 2658 883 2723 est:
909 2666 1016 2731 quum
1029 2665 1109 2711 vero

138 2764 242 2853 justus
271 2758 447 2844 habeatur,
471 2763 531 2852 qui
559 2758 680 2848 legibus
711 2762 933 2851 obtemperat,
954 2761 1109 2851 sequitur

137 2880 294 2968 justitiam
314 2880 431 2948 versari
452 2881 565 2964 iniis,
590 2905 672 2972 quae
693 2881 914 2972 potentiorum
927 2879 1000 2945 usui
1015 2902 1102 2947 com·

138 3001 265 3068 veniant
280 2997 338 3092 (2).
383 2998 432 3066 Eo
458 3024 554 3069 sensu
583 2999 661 3086 justi
687 2998 837 3068 definitio
856 3025 876 3067 a
897 2980 1103 3091 Thrusyma·¹

172 3235 213 3304 (1)
231 3235 297 3303 ltep.
316 3235 416 3287 1.339.
435 3235 465 3288 B.

172 3317 213 3388 (2)
231 3314 335 3384 Repl.
352 3318 412 3368 338.
430 3316 466 3368 D.
484 3315 517 3368 E.
534 3319 594 3369 339.
618 3318 651 3369 Α.
683 3317 726 3370 Cl.
746 3320 805 3371 343.
823 3317 854 3372 B.
885 3316 1005 3381 Eandem
1025 3334 1110 3389 ergo-

229 3398 414 3452 mentationem
445 3399 564 3452 adoritur
592 3399 690 3453 Athen.
721 3400 822 3470 Hospes
853 3400 935 3472 Legg.
963 3400 1016 3455 Ν.
1045 3405 1108 3457 tlt.

230 3481 262 3535 C.
282 3480 339 3545 D.‚
357 3481 449 3551 ibique
466 3484 586 3550 queritur
603 3483 690 3535 domm
701 3484 776 3537 illam
791 3485 906 3553 justitiae
920 3470 1110 3537 delinitionesn

229 3585 244 3618 a
266 3564 402 3618 nonnullis
424 3564 560 3632 perhiberi
584 3568 632 3618 sis
649 3567 727 3628 φύσει
744 3566 805 3636 ὅρον
825 3568 875 3619 τοῦ
895 3567 1024 3628 δικαίου,
1052 3585 1109 3620 nn-

230 3651 341 3704 turalem
359 3651 431 3716 justi
459 3652 638 3716 definitionem.
690 3647 732 3701 Ex
768 3649 849 3701 Arist.
880 3646 986 3703 Nicom.
1012 3649 1051 3703 V.
1078 3654 1106 3705 ³.

229 3749 257 3799 p.
274 3733 307 3783 59
324 3738 351 3809 Ιοι
364 3732 406 3782 10.
423 3749 450 3798 p.
469 3733 521 3794 67,
549 3732 596 3799 qui
622 3731 776 3783 sententium
800 3732 891 3799 paullo
911 3733 989 3786 aliter
1010 3734 1107 3803 expli-

229 3820 288 3877 cat,
312 3829 436 3882 apparere
449 3810 515 3865 mibi
530 3813 651 3877 videtur,
677 3833 733 3866 cum
748 3832 801 3867 non
817 3813 1007 3886 Thrasymachi
1023 3817 1107 3871 fnisse

228 3896 380 3963 proprium,
411 3897 456 3948 ssd
483 3897 655 3953 ¹communiter
683 3898 737 3950 fcrc
768 3906 830 3950 tunc
855 3879 981 3970 temporis
1006 3918 1107 3973 recep·

230 3985 291 4030 um.
309 4009 343 4023 -
359 3979 403 4034 Cl.
421 3982 497 4035 etism
515 3982 607 4052 Emip.
627 3982 730 4037 lleracl.
750 4000 787 4039 ss.
807 3985 881 4037 1-6.
