2490 4672
615 361 636 426 4
693 331 695 338 ,

189 571 343 642 Concedo
382 571 567 657 satisfecisse
610 594 663 636 eos
704 568 805 636 libros
849 568 1003 655 consilio,
1049 602 1052 631 t

143 695 257 786 scripti
291 711 384 760 sunt:
424 709 566 758 attamen
611 715 660 756 res
696 707 839 756 meretur
879 691 1052 757 accuratim

143 811 412 909 disquisitionem.
466 813 525 877 Est
560 808 804 900 quodammodo
827 834 960 894 verum,
991 829 1052 880 vett

141 926 333 1018 ignoravisse
364 931 450 996 Juris
486 928 647 996 Naturalis
678 927 903 1019 disciplinam,
938 953 1015 996 cum
1048 961 1052 989 t

142 1048 269 1143 quippe
288 1052 431 1117 nomine
468 1048 565 1115 hodie
609 1047 781 1134 cogitando
819 1050 975 1135 conjungi
1013 1047 1052 1116 so

97 1173 104 1183 ⁸
140 1195 250 1238 omnes
273 1193 328 1236 eae
350 1185 463 1251 notae,
488 1169 608 1258 quibus
632 1165 749 1232 diserte
772 1167 833 1232 ista
855 1167 991 1232 scientia
1014 1191 1034 1230 a

143 1290 339 1356 centioribus
364 1290 508 1357 ‘inventa
544 1286 763 1372 distinguitur.
819 1287 877 1350 Est
913 1286 1052 1353 verissim

139 1412 253 1492 etiam,
271 1409 309 1473 iis
330 1408 459 1494 juribus
482 1424 580 1495 atque
604 1407 733 1499 officiis,
755 1404 874 1494 quibus
889 1405 952 1469 sibi
971 1405 1052 1471 invit

140 1529 287 1595 homines
310 1526 495 1610 tenentur,
509 1522 717 1618 quorumque
736 1525 884 1623 priscam
909 1527 1051 1612 investig

140 1646 185 1713 do
219 1648 332 1716 venari
368 1648 526 1732 originem
552 1645 676 1711 frustra
704 1645 908 1728 institueres,
939 1668 1052 1736 nunqu

138 1766 220 1835 fere,
251 1768 291 1832 ab
338 1767 482 1854 antiquis
536 1763 769 1855 philosophis,
797 1763 896 1828 alium
945 1762 1052 1851 obliga

106 1872 110 1881 ¹
136 1884 260 1952 fontem
286 1884 382 1950 fuisse
408 1878 636 1974 suppositum,
674 1908 774 1974 quam
811 1882 946 1973 reliquis
975 1883 1052 1950 Ethi

138 2006 333 2098 praeceptis.
393 2001 461 2070 Sed
498 2000 736 2069 attendendum
778 2019 826 2067 est
868 2004 978 2092 primo
1018 2000 1052 2069 lo

138 2123 250 2217 quod,
288 2123 435 2214 quamvis
482 2121 523 2187 ad
561 2123 714 2191 virtutem
752 2121 928 2190 referretur
969 2125 1052 2208 justi

135 2221 236 2329 hujus
278 2260 386 2308 tamen
423 2241 589 2307 notionem
631 2266 669 2307 ex
709 2239 765 2306 illa
799 2265 1011 2332 nequaquam
1048 2272 1052 2306 t

134 2379 239 2429 ortam
265 2361 330 2429 sive
367 2358 562 2443 derivatam,
601 2361 665 2427 sive
680 2358 804 2450 'aliquo
831 2359 930 2427 modo
956 2362 1052 2452 prodi

93 2482 96 2491 ’
135 2498 221 2567 tum3
259 2481 296 2544 in
328 2477 443 2546 talibus
471 2504 540 2546 non
562 2477 770 2548 dissolvendo
791 2479 850 2545 sed
875 2485 1052 2570 conjunget

132 2599 342 2690 progreditur
365 2623 455 2666 mens
479 2595 642 2686 humana3
677 2624 763 2683 non,
786 2599 976 2686 indagantes
1000 2605 1052 2670 vir

137 2719 177 2785 tis
206 2735 376 2801 naturam,
409 2717 605 2785 invenerunt
636 2719 784 2786 homines
808 2722 984 2807 justitiam:
1025 2717 1050 2788 h

134 2838 193 2906 diu
221 2855 295 2905 ante
321 2858 558 2924 cognoverant,
583 2864 683 2929 quam
711 2839 753 2905 de
777 2839 971 2925 generaliori
998 2842 1052 2910 vir

136 2961 177 3025 tis
204 2960 336 3026 notione
365 2959 585 3024 somniarent:
611 2975 664 3042 et,
690 2958 780 3048 quod
805 2959 867 3025 hac
889 2958 977 3026 illa‘m
1000 2986 1052 3052 po

136 3075 480 3168 comprehenderunt,
512 3073 784 3168 philosophorum
812 3078 926 3144 studiis
956 3079 1052 3149 effect

135 3214 206 3279 est,
230 3220 313 3286 quae
335 3196 419 3261 ratio
441 3194 598 3278 docebat,
631 3198 798 3263 communi
825 3199 1016 3266 conantium
1041 3202 1052 3267 i

137 3315 278 3408 ciplinae
323 3313 456 3383 vinculo
498 3317 675 3383 continere.
743 3317 899 3385 Manebat
939 3341 1052 3411 praete

132 3436 255 3524 justitia
276 3434 348 3502 fons
378 3436 545 3503 constituti
566 3436 667 3521 juris,
691 3454 724 3503 et
746 3436 808 3505 hac
831 3440 927 3505 etiam
949 3465 989 3506 ex
1014 3467 1052 3534 pt

132 3556 234 3647 ipsius
257 3555 348 3647 notio
369 3562 459 3620 su'am
480 3555 579 3621 habet
607 3554 794 3641 dignitatem
817 3559 1025 3650 propriaque

133 3675 220 3740 tione
241 3672 370 3741 exculta
392 3693 449 3741 est.
534 3646 540 3657 .
897 3656 902 3667 ⁸
1008 3682 1012 3687 ’

179 3791 253 3857 Illos
299 3777 405 3860 autem
453 3796 656 3886 potissimum
692 3799 825 3866 excitavi
861 3797 960 3863 libros
998 3824 1052 3891 prs

129 3931 232 3996 terea,
271 3915 379 4001 quod,
414 3941 496 4007 quae
535 3916 576 3981 ad
613 3937 839 4004 argumentum
868 3918 932 3984 hoc
961 3917 1052 3988 facia

128 4034 162 4095 in
198 4033 235 4096 iis
278 4034 391 4121 utique
430 4038 644 4126 reperiuntur
685 4041 821 4108 maxime
852 4038 974 4128 digesta
1008 4063 1052 4114 at«
