2520 4672
602 372 666 439 277

150 603 202 655 ter
233 590 407 674 conjuges,
442 587 528 653 inter
556 607 637 675 quos
667 585 750 671 viget
776 587 828 670 jus
856 587 1112 673 oeconomicum,

107 768 112 773 .
148 706 243 798 quod
272 709 379 798 ipsum
414 721 520 771 tamen
548 719 686 795 propter
707 701 829 770 dictam
854 729 980 771 eausam
1002 732 1020 772 a
1042 710 1115 794 jure

148 823 285 918 politico
312 824 473 890 diversum
495 839 542 888 est
566 822 625 910 (l).
729 862 735 880 ι
992 919 995 923 .
1068 819 1071 823 ’

194 943 251 1008 His
287 942 328 1008 de
357 942 524 1032 speciebus
559 941 626 1027 juri
657 939 813 1007 similibus
843 942 1041 1029 interjectis,
1071 945 1112 1012 ed

146 1063 200 1149 jus
228 1057 320 1128 civile
343 1060 517 1155 revertitur
543 1056 777 1151 philosophus,
800 1059 903 1150 idque
930 1061 1026 1129 docet
1046 1062 1112 1130 du-

148 1177 236 1270 plex,
245 1203 333 1262 esse,
365 1184 489 1262 φυσικὸν
517 1176 703 1266 (naturale)
727 1197 761 1245 et
782 1184 906 1262 νομικὸν
934 1178 1039 1269 (quod
1063 1184 1112 1249 le-

144 1299 303 1386 gitimum
337 1314 462 1362 vertere
489 1293 607 1378 nolim,
644 1320 685 1362 ne
712 1295 934 1363 confundatur
961 1324 1037 1366 eum
1064 1329 1114 1370 vo·

148 1418 250 1500 μίμῳ,
283 1414 391 1505 quod,
426 1438 501 1482 cum
527 1412 613 1479 idem
642 1414 683 1478 sit
709 1417 812 1504 atque
840 1418 977 1500 (linatur,
1008 1420 1116 1486 ambas

149 1534 231 1620 juris
269 1534 389 1624 speeies
425 1531 688 1624 complectitur),
720 1550 756 1598 et
790 1550 966 1625 utrumque
997 1534 1116 1603 definit

151 1649 229 1717 dein
250 1653 358 1719 verbis
385 1640 483 1718 modo
511 1653 613 1717 citatis
643 1650 702 1742 (2).
747 1653 860 1742 Quum
884 1670 992 1720 autem
1014 1673 1113 1722 natu·

120 1770 218 1841 ,rate
250 1772 309 1854 sit,
347 1769 439 1861 quod
468 1768 631 1836 immobile
668 1787 717 1836 est
751 1787 784 1837 et
810 1795 1019 1864 quocumque
1045 1772 1118 1841 loco

150 1886 292 1956 eandem
326 1889 392 1955 vim
419 1887 536 1970 babet,
568 1905 607 1953 ut
628 1889 711 1973 ignis
737 1890 805 1954 urit
829 1905 862 1954 et
884 1890 939 1957 hic
958 1909 999 1957 ·et
1026 1892 1117 1983 apud

145 2002 282 2091 Persas,
313 1981 487 2074 monnullos
517 2006 668 2101 dubitare
696 2007 759 2089 ait,
791 2024 902 2075 utrum
929 2013 1046 2076 maturi
1067 2016 1119 2098 jus
1163 2010 1167 2020 ’

150 2129 266 2196 existat
291 2151 420 2210 revera,
451 2129 479 2192 si
500 2125 634 2217 quidem
658 2123 805 2216 quotidie
827 2130 901 2211 jura
925 2131 1044 2195 mutari
1064 2133 1117 2197 vi-

151 2247 264 2315 deant.
289 2218 294 2227 ¹
322 2245 368 2314 At
413 2244 501 2339 apud
545 2245 692 2310 homiues
732 2242 834 2310 multa
873 2263 970 2330 sunt,
1016 2274 1116 2339 quae,
1161 2233 1164 2237 ἢ

152 2367 300 2458 quamvis
327 2363 515 2448 mutabilia,
552 2362 717 2431 debentur
740 2363 956 2458 'nihilominus
983 2385 1117 2436 naturae

148 2487 318 2551 instituto:
353 2482 441 2551 velut
468 2508 498 2550 v.
523 2507 551 2549 c.
579 2483 695 2548 naturis
722 2462 840 2550 ‹lextra-
863 2508 977 2551 manus
1003 2485 1118 2555 fortior

124 2621 217 2687 ¹est,
247 2604 306 2670 etsi
333 2603 459 2670 evenire
488 2618 615 2692 potest,
647 2618 685 2666 ut
706 2600 807 2692 aliqui
827 2604 956 2669 sinistra
976 2607 1116 2695 perinde

148 2747 187 2791 te
216 2720 330 2789 dextra
352 2738 506 2804 utantur,
536 2721 599 2804 ita,
632 2722 778 2810 quamvis
807 2745 873 2801 nou
897 2724 987 2814 apud
1011 2748 1116 2795 eune·

147 2858 199 2911 tos
227 2838 366 2932 populos
397 2837 486 2905 idem
520 2837 719 2930 reipublicae
746 2858 846 2906 status
873 2843 1038 2928 obtineat,
1068 2862 1118 2914 est

146 2950 257 3027 tamen
279 2982 363 3024 unus
391 2956 550 3024 duntaxat
571 2959 720 3045 omnibus
746 2960 782 3024 in
804 2957 885 3026 loeis
911 2979 1028 3028 natura
1052 2989 1115 3057 op·

146 3081 246 3147 timus
271 3077 331 3165 (3).

191 3197 279 3264 Haec
313 3195 493 3286 praecipua
525 3212 621 3276 sunt,
653 3219 735 3286 quae
773 3196 938 3265 Aristoteli
963 3201 1116 3298 inveritate

140 3318 251 3407 Juris
273 3313 435 3382 Naturalis
478 3312 669 3405 disciplinae
712 3312 844 3381 laudem
886 3318 1111 3389 conciliarunt.

146 3522 532 3548 ,ῆι-...ιη’

176 3629 222 3698 (1)
244 3627 327 3678 Arist.
344 3624 450 3678 Nicom.
469 3623 505 3678 V.
525 3625 566 3676 10.
584 3626 627 3677 67.
647 3624 750 3678 A.-c.

171 3710 217 3781 (2)
239 3710 326 3762 Aliter
342 3700 406 3760 hieu
423 3715 609 3776 proponuntur
621 3706 709 3776 Magn.
726 3707 798 3758 Mor.
817 3709 840 3759 1.
859 3710 902 3761 34.
923 3710 981 3765 167.
1000 3713 1031 3767 Β.
1058 3716 1118 3770 Ita.

202 3822 205 3829 ,
235 3814 288 3865 que
310 3794 354 3847 rel
377 3791 424 3845 hic
446 3793 522 3846 locus
542 3810 556 3843 e
575 3791 682 3844 Nicom.
703 3791 874 3860 corrigendus
891 3798 947 3859 est,
968 3798 1042 3865 quod
1060 3798 1118 3851 dit.

236 3878 446 3942 ficitevidetu13
464 3877 506 3930 vel
524 3894 595 3932 novo
614 3885 765 3946 argumento
783 3895 875 3929 eorum
893 3880 1036 3936 confirmat
1053 3900 1116 3937 reu.

236 3961 360 4026 tentiam,
379 3959 427 4029 qai
443 3957 496 4012 hoc
513 3976 581 4027 opus
599 3959 741 4013 Aristoteli
758 3960 918 4030 abjudicant.

172 4045 218 4116 (s)
237 4043 344 4099 utam.
362 4043 399 4096 v.
418 4045 461 4097 10.
478 4045 521 4098 ar.
541 4043 578 4099 u.
596 4072 630 4090 -
646 4045 690 4098 ea.
710 4045 744 4096 a,
