2520 4672
534 267 652 345 '72

149 489 282 576 justum.
327 489 480 557 Archelai
515 490 612 576 igitur
640 475 771 582 opinio,
803 493 851 574 si,
890 491 957 589 fide
984 496 1125 563 Laertio

152 630 220 674 non
262 600 433 692 denegata,
471 610 683 699 probabiliter
725 611 787 677 hac
820 602 945 679 ratione
981 612 1159 699 intelligi‘

152 726 272 815 possit,
296 729 388 815 quasi
411 729 581 793 transitum
609 727 784 818 quemdam
811 729 889 796 facit
915 757 935 795 a
959 731 1119 821 populari

150 842 303 908 naturalis
330 863 363 910 et
385 847 551 919 constituti
577 849 658 931 juris
687 846 875 915 confusione
902 848 944 914 ad
968 836 1116 939 Sophia-'-

152 981 255 1028 tarum
282 962 501 1053 'plenissimam
528 967 609 1050 juris
638 968 771 1033 connati
792 967 1073 1057 repudiationem,

499 1174 765 1203 -ω-Φ--ι-

358 1284 597 1451 suerio
637 1340 904 1426 raum-A.

139 1645 142 1650 ὓ
240 1579 243 1586 ·
279 1567 327 1613 ou
358 1519 592 1613 irruaoona'
615 1564 663 1609 nr
694 1562 986 1612 rrrnaooums..

578 1760 684 1783 m

191 1920 328 1987 Circiter
363 1921 428 1985 600
457 1890 554 1982 'ahnis
581 1934 655 1983 ante
690 1943 717 1983 a.
744 1916 784 1984 'n.
821 1904 905 1985 nove
927 1916 1114 2010 ¹disciplina

143 2037 292 2130 prodiit,
326 2060 409 2126 quae
436 2036 463 2100 si
491 2037 644 2125 temporis
672 2035 787 2102 ordine
815 2035 943 2103 scholae
977 2039 1111 2107 tonicae

141 2173 374 2250 postponatur,
410 2168 546 2245 propter
576 2153 763 2238 gravitatem
796 2178 887 2220 suam
917 2171 951 2220 et
985 2157 1109 2224 vincu-

140 2273 227 2356 lum,
265 2297 332 2364 quo
373 2296 448 2338 cum
488 2275 633 2338 omnium
673 2274 887 2362 posteriorum
923 2267 1112 2365 temporum

140 2391 350 2487 philosophia
373 2395 548 2478 conjuncta
570 2408 637 2474 est,
662 2376 770 2482 primo
796 2390 867 2463 loco
895 2391 1007 2458 haberi
1028 2404 1109 2462 'me-

139 2528 237 2577 retur.
265 2511 475 2602 *Pythagoras
498 2510 641 2593 Samius,
679 2512 823 2600 quamvis
847 2514 1112 2584 sectaetonicae

139 2647 284 2695 auctores
312 2628 469 2695 audivisse
499 2627 664 2712 videatur,
702 2617 859 2696 diversam
887 2649 994 2697 tomen
1019 2635 1109 2702 viam

47 2774 49 2778 ·
138 2749 298 2832 ingressus
325 2764 394 2828 est,
426 2764 497 2811 tum
531 2749 567 2810 in
604 2746 825 2831 naturalibus,
862 2774 1004 2839 quorum
1031 2757 1109 2821 stu-

140 2865 232 2930 dium
259 2867 308 2930 sui
344 2848 496 2954 temporis
531 2889 620 2931 more
650 2868 839 2956 praesertim
877 2867 995 2955 coluit,
1035 2889 1110 2945 tum

139 2972 306 3077 imprimis*
324 2985 359 3048 in
381 2981 573 3066 moralibus,
598 3009 680 3074 quae
709 3009 775 3051 uon
797 2984 919 3051 diutius
941 2989 1013 3055 sivit
1037 3014 1107 3081 po-

140 3102 310 3195 pularibus
339 3102 611 3170 admonitionibus
642 3104 820 3187 contineri,
851 3104 910 3172 sed
948 3102 1111 3198 tanquam

140 3225 315 3310 genuinam
340 3221 564 3312 philosophiae
592 3240 719 3313 partem
757 3222 798 3289 de
824 3207 982 3291 industria
1010 3243 1107 3296 trac-

140 3344 229 3410 ton't.
288 3340 410 3408 Verum
450 3341 548 3427 hujus
580 3340 767 3424 doctrinae,
799 3366 900 3433 quam
925 3344 987 3410 site
1024 3370 1113 3435 cog..

139 3486 271 3530 noscere
294 3458 472 3552 plurimum
497 3460 641 3542 intersit,
666 3459 845 3526 dolendum
872 3479 919 3526 est
941 3479 1007 3528 tum
1035 3466 1106 3531 im-

142 3580 319 3672 perfectam
346 3596 379 3644 et
409 3577 573 3644 confusam
599 3564 746 3644 notitiam
774 3579 815 3644 ad
844 3604 901 3646 nos
931 3586 1106 3686 pervenis-

140 3726 191 3784 se,
225 3725 323 3792 quam
346 3716 458 3764 utrum
485 3697 613 3783 infinita
639 3701 855 3789 interpretum
877 3716 910 3764 et
932 3706 1104 3768 commen-
1131 3722 1137 3729 ·

142 3834 282 3884 totorum
319 3819 432 3884 cohors
473 3816 637 3883 meliorem
658 3817 855 3884 ‘reddiderit
882 3842 925 3882 an
955 3817 1104 3887 deterio-

139 3960 225 4019 rem,
260 3938 331 4000 satis
360 3937 544 4022 ambiguum
571 3955 628 4004 est.
674 3935 766 4003 Plato
797 3954 882 4004 certe
909 3954 942 4002 ct
969 3938 1106 4007 Aristo-
