2520 4672
72 198 109 264 iis
135 191 340 277 retulerunt,
369 190 552 280 indignatio
576 212 764 285 suspectum
790 194 926 285 quidem
951 197 1032 273 red-

71 313 148 383 dere
172 328 294 404 potest.
314 311 461 402 iptorum
486 310 648 398 judicium
682 311 724 385 de
761 311 888 403 placitis
918 340 937 381 a
967 314 1032 393 So-

46 432 188 524 ,phiscis
215 430 408 521 propositis,
445 432 529 520 quin
558 431 640 499 haec
665 455 743 498 vero
768 456 837 499 non
864 431 971 503 fallaci
997 459 1035 502 ac

68 548 202 642 perfido
239 548 338 620 modo
371 549 555 618 effinxerint
588 547 640 618 vel
670 549 882 636 deterserint,
914 547 1051 623 evincit

69 669 220 760 ipsorum
258 668 428 758 probitas,
473 667 515 737 dc
552 693 618 759 qua
657 669 895 739 inconsiderate
928 654 1035 741 vtrimis

70 787 249 857 contrariae
285 788 386 877 partis
418 784 558 857 fautores
594 804 734 857 statuere
769 787 931 857 videntur.
991 792 1038 857 Ut

66 907 158 973 enim
182 906 340 997 suspectis
366 906 452 975 bona
478 905 728 989 reconcilietur,
762 907 920 994 integram
947 906 1030 975 alio-

66 1047 145 1091 rum
165 1024 432 1093 existimationem
460 1022 605 1107 laedere,
627 1025 779 1115 iniquum
805 1043 863 1094 est.
907 1027 1033 1095 Proba-
1114 1102 1118 1109 ¹

63 1140 182 1209 biliter
208 1166 279 1208 cam
309 1158 422 1208 contra
449 1140 616 1232 Sophistas
644 1142 912 1234 disceptationem
940 1169 1032 1214 com·
1141 1229 1144 1234 Ι

62 1257 251 1352 parandam
284 1282 350 1326 esse
381 1284 547 1327 censemus
583 1285 659 1327 cum
698 1262 757 1344 cd,
794 1286 878 1352 quae
911 1270 1035 1334 recenti

21 1418 24 1425 ι
64 1403 148 1463 sevo
170 1395 284 1446 contra
305 1378 440 1447 Jesuitas
460 1378 576 1446 haberi
597 1376 685 1446 solet.
720 1380 932 1466 Meritorum,
955 1385 1035 1474 qui-

12 1579 16 1585 ·
57 1499 129 1586 bus
162 1497 203 1563 in
241 1519 314 1564 rem
350 1472 541 1566 litterariam
575 1494 807 1584 inclaruerint,
851 1498 945 1566 nulli
980 1521 1037 1571 aut

61 1614 186 1701 exiguis
224 1615 343 1681 habita·
358 1617 515 1707 jratione,
562 1633 628 1683 arte
669 1615 813 1708 quidam
849 1643 888 1686 ex
924 1644 1039 1691 eorum

57 1732 206 1823 scriptis.
232 1733 318 1809 istae¹
338 1710 467 1809 titutum
495 1735 663 1823 opiniones
698 1714 878 1821 eruuntur,
916 1740 1037 1828 quibus

59 1851 255 1918 doctrinam
280 1851 372 1935 snam
393 1849 537 1917 odiosam
563 1868 596 1918 ct
621 1876 706 1921 vero.
720 1855 841 1922 civitati
867 1856 1035 1944 pernicio-

60 1971 227 2050 sissimam
256 1946 482 2053 reddiderunt
527 1968 629 2058 Quod
659 1972 805 2061 quamvis
838 1980 1036 2064 oppugnan-

61 2093 154 2157 tium
199 2079 318 2178 probet
353 2088 574 2157 vehementius
616 2088 785 2157 studiums
829 2091 1039 2160 nihilominus

61 2231 240 2306 perversae
265 2198 344 2274 istae
373 2208 540 2303 opiniones
568 2207 684 2273 merito
713 2208 910 2277 lesuitarnm
930 2209 1039 2276 ordini

62 2328 318 2398 adtribuuntur.
362 2325 455 2404 Idem
477 2325 560 2393 valet
582 2325 624 2392 ds
647 2325 815 2417 Sophistis.
862 2314 865 2320 ’

111 2447 186 2512 Jam
220 2443 263 2511 ad
297 2443 481 2512 doctrinam
508 2444 667 2536 Sophistis
696 2467 900 2513 communem
926 2464 1037 2515 trans-

63 2564 255 2654 gredimurz
286 2582 320 2630 et
358 2563 422 2631 hoc
449 2563 585 2654 quidem
621 2564 729 2633 statim
766 2566 908 2632 occurrit
944 2568 1038 2636 valde

62 2679 299 2765 memorabile,
331 2681 422 2775 quod
450 2706 651 2773 quamquam
677 2681 769 2750 nullo
794 2682 862 2751 fere
888 2685 952 2753 sive
979 2688 1035 2754 in-

62 2803 263 2888 stitutionis,
299 2802 365 2873 sive
403 2798 612 2893 disciplinae,
649 2802 713 2869 sive
754 2804 869 2868 amoris
906 2803 1037 2872 vinculo

59 2926 154 2989 inter
189 2945 223 2988 se
260 2936 470 3007 tenerentur,
509 2943 710 3010 quamquam
748 2919 903 2989 infestum
943 2946 1038 3013 saepe

65 3040 132 3109 sihi
168 3038 308 3107 invicem
341 3037 486 3105 animum
512 3036 755 3133 manifestarent
785 3037 854 3132 (l),
892 3043 1039 3132 quamvis

61 3179 417 3201 W

96 3239 141 3310 (1)
161 3237 238 3291 Plelo
262 3236 367 3303 Protag.
390 3252 419 3300 p.
443 3231 502 3284 3l'l.
522 3231 563 3298 C,
592 3234 652 3286 318.
682 3234 721 3285 D.
740 3232 773 3285 E.
798 3236 845 3288 ubi
871 3236 897 3288 οἱ
918 3238 967 3299 μὲν
992 3236 1044 3307 γὰρ

162 3319 256 3382 ἄλλον,
273 3309 369 3388 ίαααίί
380 3317 554 3386 Protagoras,
574 3315 717 3380 λωβῶνται
734 3316 798 3375 τοὺς
813 3318 900 3374 νέους·
920 3319 968 3374 τὰς
990 3319 1043 3389 γὰρ

160 3406 262 3472 τέχνας
285 3403 386 3462 αὐτοὺς
411 3403 585 3468 πεφεύγοτας
610 3399 727 3457 ἄκοντας
750 3400 832 3450 πάλιν
866 3386 901 3450 ai
928 3400 1044 3467 ἄναντες

161 3485 343 3550 ἐμβάλλουσιν
368 3487 408 3542 είς
433 3486 481 3542 τὰς
506 3485 621 3551 τέχνας,
649 3482 792 3547 λογισμούς
817 3501 849 3532 τε
876 3483 924 3533 καί
945 3484 1044 3556 ’ἀστρο-

159 3572 259 3634 ναμίαν
285 3569 333 3619 καί
355 3569 528 3637 γεωμετρίαν
550 3567 598 3618 καί
623 3567 752 3630 μουσικὴν
780 3564 969 3626 διδάσκοντες·
996 3566 1046 3620 καί
1071 3585 1075 3596 ,

163 3655 219 3719 ἅμα
248 3655 288 3710 είς
306 3651 354 3704 τὸν
373 3651 488 3704 Ἱππίαν
506 3651 661 3718 ἀπέβλεψε.
685 3647 728 3703 Cf.
746 3645 826 3703 Meno
844 3649 888 3700 95.
908 3647 941 3699 C.

882 3747 932 3811 0*
