2520 4672
88 4014 118 4063 θἸ

607 327 646 388 68

150 538 209 629 qui
245 521 350 602 tamen
384 537 420 599 in
455 536 559 626 patria
595 560 653 600 sua
692 535 871 625 plurimum
907 534 1010 604 valuit
1040 535 1114 628 (1),

149 646 256 722 omnes
281 654 461 721 civitatibus
489 656 552 720 suis
579 653 792 744 praefuerunt
814 655 873 744 (2).
920 654 1115 725 Soloni-le·

147 801 198 861 ges
234 777 362 841 Atticae
398 776 538 859 justitiae
575 773 703 840 laudem
742 772 977 857 conciliarunt,
1011 773 1115 841 nullis

85 932 88 937 ·
146 895 346 984 temporibus
380 891 562 959 delendam.
615 895 736 958 Biantis
764 894 1011 959 Prienensis'in
1036 895 1114 978 jure

146 1011 289 1078 dicendo
318 1014 460 1101 aequitas
496 1014 531 1075 in
556 1014 775 1101 ¹proverbium
811 1013 901 1078 abiit.
946 1011 1114 1102 Reliquo-

143 1156 218 1196 rum
252 1133 348 1196 etiam
383 1130 657 1221 apophthegmata
690 1149 724 1195 et
759 1129 843 1215 leges
870 1133 991 1220 passim
1019 1130 1115 1220 apud

142 1266 263 1317 veteres
302 1253 461 1330 citantur,
492 1251 528 1312 in
565 1251 684 1339 quibus
721 1247 773 1314 lex
810 1248 1025 1314 memorabilis
1044 1254 1117 1316 cst

141 1369 259 1434 Pittaci
281 1369 347 1458 (3),
385 1367 553 1457 duplicem
586 1391 725 1457 poenam
755 1366 909 1433 maleficis
937 1367 1110 1452 infligens,

143 1489 170 1552 si
193 1489 275 1552 ebrii
297 1505 502 1576 peccassent,
527 1488 651 1576 optimo
672 1487 803 1553 fortasse
828 1485 960 1552 consilio
971 1484 1046 1563 ,lata
1062 1486 1115 1577 (t)

143 1611 221 1670 at'a
252 1622 341 1671 recta
373 1607 512 1690 justitiae
548 1609 677 1672 notione
713 1604 893 1690 longissime
930 1605 1108 1690 recedens,

141 1748 179 1789 eo
205 1725 306 1809 magis
332 1724 423 1813 quod
450 1726 512 1789 nisi
540 1749 615 1791 cum
640 1725 773 1790 crimine
804 1728 979 1810 conjuncta
1005 1743 1109 1808 esset,

140 1843 274 1909 ebrietas
302 1866 369 1907 non
398 1844 514 1932 punita
543 1842 639 1908 fuisse
668 1842 827 1910 videatur.
955 1840 957 1846 ’

484 2052 762 2072 w
823 2065 826 2081 ,

331 2206 568 2295 suerro
606 2206 921 2301 srcuuua.
1009 2267 1016 2331 ,
1082 2250 1087 2257 ·

386 2432 440 2478 DE
472 2431 644 2479 SCHOLA
676 2429 847 2479 totttcA.

520 2596 608 2707 t.
642 2601 681 2679 1.

134 2855 143 2869 .
179 2799 299 2867 'Schola
320 2801 450 2883 Jonica,
475 2804 567 2887 cujus
590 2819 703 2868 auctor
725 2802 847 2870 exstitit
870 2800 1006 2887 Thales,
1030 2804 1112 2895 pri-

138 2941 191 2983 ma
225 2920 410 2984 uberiorem
445 2917 636 3009 disciplinae
674 2918 809 2986 formam
838 2920 958 3012 adepta
987 2938 1053 3007 est,
1095 2950 1115 2992 a

140 3062 205 3126 qua
246 3057 356 3103 tamen
391 3062 519 3104 morum
564 3038 713 3105 doctrina
753 3037 999 3128 secludebatur,
1049 3062 1112 3111 ut-

145 3254 147 3259 ’
171 3257 211 3323 (1)
233 3255 333 3306 Herod.
354 3256 377 3306 Ι.
397 3256 455 3309 170.
492 3259 572 3330 Diog.
590 3259 684 3311 Lae'rt.
705 3261 728 3311 Ι.
747 3262 789 3314 25.

171 3339 212 3408 (2)
233 3340 328 3391 Cicero
349 3341 381 3390 de
401 3340 478 3391 Orat.
496 3341 553 3393 111.
571 3346 613 3394 34.
650 3343 692 3394 Cf.
710 3343 834 3396 Meiuerr.
852 3343 951 3398 Gescb.
968 3346 1017 3398 der
1031 3345 1119 3404 Wie-

231 3421 331 3474 sensch.
350 3420 384 3472 T.
404 3423 427 3473 Ι.
445 3442 472 3490 p.
491 3426 535 3475 43.
554 3444 614 3494 sqq.

171 3506 211 3576 (3)
234 3506 318 3556 Arist.
352 3505 432 3556 Polit.
460 3504 500 3556 11.
526 3507 566 3558 12.
609 3506 673 3559 Eth.
697 3510 731 3561 ad
752 3508 858 3562 Nicom.
884 3509 941 3562 111.
968 3512 994 3562 7.
1031 3513 1119 3586 Diog.

229 3589 322 3640 Labrt.
343 3589 366 3638 l.
386 3590 428 3640 76.

168 3671 208 3739 (4)
230 3673 312 3723 Arist.
338 3672 420 3723 Polit.
453 3673 472 3723 1.
499 3693 529 3725 c.·
558 3677 605 3724 διὰ
630 3677 681 3745 γὰρ
706 3676 738 3725 τὸ
764 3676 876 3734 πλείους
903 3675 1032 3747 ὑβρίζειν
1061 3705 1116 3746 με.

229 3754 352 3811 θύοντας
368 3755 384 3819 ἢ
398 3757 550 3819 νήφοντας,
570 3753 600 3806 οὗ
617 3761 683 3827 πρὸς
699 3762 750 3824 τὴν
768 3759 928 3826 συγγνώμην
946 3761 1095 3827 ἀπέβλεψε
1107 3801 1137 3832 „2

227 3836 270 3884 dra
289 3837 336 3885 δεῖ
351 3837 503 3897 μεθύουσιν
522 3839 597 3906 ἔχειν
615 3841 726 3902 μᾶλλον·
746 3842 894 3913 ἀλλὰπρὸς
910 3846 942 3893 τὸ
965 3850 1115 3918 συμφέρον.
1133 3860 1139 3867 “

226 3919 359 3988 Diogenes
376 3922 403 3972 t.
420 3922 439 3972 1.
464 3919 510 3976 tta
528 3929 565 3993 μὴ
583 3928 722 3993 μεθύωσι,
748 3929 850 3981 aanor
870 3932 940 3983 κατὰ
964 3935 1015 3998 τὴν
1029 3916 1128 4000 νῆσοί

226 4001 299 4054 οἴνου
319 4005 468 4073 γινομένου·
