2520 4672
329 246 384 349 'i
465 393 467 397 Ι
603 297 662 364 110

151 527 221 572 esee
247 527 433 574 mensuram
459 511 599 573 omnium
627 507 695 599 (l),
725 509 792 598 qui
818 508 855 575 id
886 509 1007 605 veluit,
1038 514 1106 580 oui-

150 650 233 717 que,
270 625 362 716 quod
401 626 464 692 sibi
500 626 628 694 videtur
662 651 792 713 verum,
828 653 896 698 osse
922 653 1055 716 omnm,
1075 649 1105 701 et

150 745 380 837 quodfalsum
401 747 549 832 videtur,
562 749 707 834 falsum.
753 748 895 838 Quaevis
914 750 1017 835 igitur
1041 774 1104 837 ree,

148 850 287 932 eumin
312 868 479 954 subjecto,
503 866 593 957 quoti
620 866 758 952 dicitur,
781 865 848 934 sola
875 868 954 937 insit
971 871 1104 954 veritat,

146 984 272 1053 fontem
298 986 443 1053 eontinet
473 984 612 1051 duarum
646 987 708 1052 sibi
743 987 966 1076 oppositurum
1000 991 1104 1056 notio-

147 1129 228 1171 num
250 1105 319 1195 (2);
358 1105 436 1196 quie
467 1121 573 1171 autem
598 1106 709 1173 ambae
740 1129 831 1174 verae
858 1116 956 1190 eunt,
986 1109 1107 1174 rationo

147 1246 275 1308 eorum,
312 1225 431 1314 quibus
466 1224 640 1306 videntur,
672 1225 806 1315 proprie
834 1248 944 1315 neque
972 1241 1105 1292 eontra·

145 1339 256 1408 dicere
284 1342 376 1431 quis,
407 1366 515 1432 neque
547 1343 680 1408 mentiri
705 1359 813 1433 potest
839 1341 899 1434 (3).
943 1341 1108 1411 indicium

146 1476 292 1527 nostrum
317 1459 360 1527 de
387 1460 449 1528 hae
478 1461 703 1528 enunciatione
741 1459 983 1548 cohibebimus,
1016 1465 1108 1550 eujus

145 1603 187 1646 ne
212 1581 409 1647 mentionem
439 1576 573 1670 quidem
599 1579 836 1665 injecissemus‚
867 1580 932 1646 nisi
967 1604 1045 1647 oum
1069 1581 1108 1648 el

143 1716 249 1766 essent
271 1700 416 1788 proxime
440 1701 634 1784 conjuncto,
659 1722 742 1788 quae
766 1697 808 1763 ad
829 1716 972 1782 nostrum
987 1723 1109 1790 quaee-

144 1818 267 1883 tiouem
301 1818 478 1907 pertinent.
535 1814 646 1885 Nullas
675 1818 773 1902 igitur
802 1820 914 1885 statuit
940 1819 1111 1910 opiniones

144 1933 279 2024 reliquie
314 1959 381 2001 esse
415 1937 572 2020 veriores,
609 1953 643 2002 nt
683 1935 800 2003 multus
829 1935 994 2024 utiliores,
1028 1964 1111 2031 qum

144 2055 205 2145 qui
230 2053 297 2119 aliis
332 2052 528 2144 persuadere
563 2057 702 2146 poterit,
741 2055 797 2123 ille
832 2058 962 2148 sapiens
994 2059 1109 2125 existi·

142 2172 283 2238 mundus
306 2193 354 2240 est
383 2171 450 2263 (4)=
474 2190 507 2241 et
534 2173 598 2240 hoe
624 2177 661 2241 iu
687 2177 816 2262 negotio
845 2199 896 2241 ars
924 2175 1113 2266 Sophistieu

143 2293 299 2361 consistit.
357 2293 442 2360 Ecce
477 2296 669 2381 argutissimi
703 2296 765 2364 viri
799 2293 1009 2388 disciplinam
1043 2321 1112 2365 non

142 2413 343 2506 experienti&
377 2411 444 2479 soli
471 2413 694 2506 probandam,
724 2438 840 2484 terum
873 2440 892 2481 a
926 2415 1051 2505 priori,
1073 2433 1113 2483 ut

135 2534 207 2602 dici
227 2532 324 2617 tolet,
347 2533 645 2601 commendabilem.

183 2653 299 2742 Quum
328 2670 437 2720 autem
468 2652 666 2743 Sophistieu¹
682 2651 856 2745 disciplina
877 2671 1019 2746 propter
1042 2678 1108 2722 m·-

140 2789 248 2838 turem
269 2795 360 2837 suam
386 2794 497 2839 omnes
523 2774 672 2840 scientim
698 2790 731 2841 et
756 2790 842 2840 artes
867 2770 1109 2865 umpleototur,

140 2889 257 2977 singuli
282 2892 450 2983 proprium
477 2893 643 2982 quandam
669 2893 732 2959 sibi
757 2879 941 2980 elegerunt,
973 2895 1010 2960 in
1039 2896 1109 2987 qul

139 3013 275 3078 maxime
310 3008 523 3078 clahorareut.
582 3014 789 3099 Pr0togoras,
825 3013 936 3104 spreti
967 3012 1109 3083 aliorum

137 3128 320 3213 industrii,
353 3132 413 3220 qui
434 3131 516 3200 vani
541 3132 723 3218 cognitione
749 3129 925 3223 implerent
945 3134 1109 3221 juvenum

147 3305 499 3327 m

169 3394 209 3464 (l)
229 3391 341 3445 Theaet.
368 3391 426 3443 152.
455 3393 488 3445 A.
515 3394 623 3447 πάντων
649 3388 795 3466 χρημάτων
820 3396 921 3468 μέτρον
946 3395 1112 3468 ἅνθρωπος,
1145 3414 1164 3453 ι

228 3475 282 3526 τῶν
301 3475 351 3537 μὲν
368 3472 464 3536 lineum
483 3475 516 3535 ὡς
529 3478 604 3538 ἐστὶ,
622 3480 675 3529 τῶν
696 3479 728 3530 δὲ
742 3482 780 3546 μὴ
796 3478 896 3541 ὄντων,
913 3479 1006 3538 &eoin
1022 3481 1109 3535 ἔστιν·

229 3557 472 3612 nutrimentum
498 3576 524 3610 o.
550 3560 569 3610 1.
595 3578 623 3626 p.
642 3562 711 3624 353,
738 3563 799 3614 358.
831 3559 910 3615 Geel.
929 3579 956 3614 ο.
976 3562 996 3614 1.
1022 3581 1052 3632 p.
1068 3562 1126 3631 92.-

227 3662 288 3714 sqq.
325 3644 417 3696 Artius
439 3644 473 3696 ud
493 3643 573 3714 Legg.
601 3643 654 3699 tv.
682 3647 743 3698 716.
766 3645 816 3714 C.‚
833 3647 862 3700 in
880 3645 956 3703 Edit
974 3645 1058 3719 Legg.
1085 3654 1113 3702 et

227 3727 307 3796 Epin.
325 3745 353 3794 p.
371 3729 432 3779 419.
703 3748 710 3761 ·

167 3810 208 3878 (2)
228 3810 309 3878 Diog.
327 3810 422 3862 La‘e'rt.
441 3811 493 3862 tx.
513 3813 555 3863 51.
573 3811 665 3881 ibique
682 3811 785 3881 Meneg.

167 3890 208 3958 (3)
228 3890 337 3946 Theaet.
357 3895 416 3947 187.
435 3895 515 3963 Diog.
534 3893 628 3948 Loirt.
646 3894 666 3946 l.
685 3912 710 3947 c.
728 3896 771 3949 53.

159 3975 210 4044 ,(1)
228 3975 339 4032 Theaet.
359 3982 417 4034 166.
436 3979 473 4034 D.
492 3999 552 4053 eqq.
