2490 4672
570 325 611 392 97

157 553 229 600 mum
247 535 390 602 omnium
414 535 664 622 incertitudine,
696 561 764 604 non
791 538 952 624 multum,
972 544 1072 609 neiu

157 652 285 721 moralibus
306 654 463 746 quidem,
486 654 563 724 fidei
584 656 803 748 reliqueraut3
828 675 897 723 tum
920 658 1075 750 frequens

105 778 112 871 J
155 775 255 856 quavis
280 772 442 840 indirecta
468 774 666 861 admonitio,
704 777 788 843 bene
814 778 903 843 inter
933 803 970 844 ea
1000 777 1073 845 dis·

154 884 324 972 tinguendum
349 917 435 977 esse,
460 910 542 984 quae
569 895 605 959 in
635 893 758 981 legibus
778 897 934 964 institutis
963 922 981 962 a
1008 922 1071 963 ua·

152 1016 214 1090 tara,
228 1029 258 1077 et
278 1036 361 1103 quae
382 1038 401 1112 a
428 1010 494 1078 sola
516 1014 670 1104 opinione
693 1012 1003 1104 proficiscerentur,
1026 1015 1070 1080 li-

150 1116 223 1194 herim
245 1129 359 1217 judicii
384 1132 576 1201 exercitium
603 1150 856 1223 provocaverat3
883 1135 979 1201 tertio
1000 1132 1073 1200 loco

150 1245 220 1312 ⁰fnnis
254 1248 402 1316 doctrina
443 1248 485 1316 de
534 1252 679 1316 moribus
719 1252 817 1338 gratis
858 1268 998 1319 assumta
1038 1268 1072 1318 et

145 1374 281 1458 Pttcepta
306 1367 423 1462 Ethica
448 1366 579 1434 laudata
602 1370 699 1455 magis
722 1394 822 1460 ιῙιιιιιι
843 1370 981 1460 probata
1008 1393 1066 1437 ve·

144 1466 272 1552 hattentes
292 1504 460 1556 moverant
482 1489 699 1578 suspicionem
721 1489 791 1578 (l);
815 1488 879 1556 hoe
902 1487 1068 1578 denique,

356 1633 359 1637 .

197 1759 324 1818 morunt,
343 1752 372 1803 in
384 1750 457 1805 Nor.
475 1751 537 1804 Act.
557 1749 621 1803 Soc.
638 1750 754 1820 Trajcet.
774 1749 807 1806 T.
819 1749 858 1802 ll.
875 1768 903 1818 p.
913 1750 973 1801 237.
983 1752 1074 1819 sqq.);

192 1850 249 1888 non
264 1835 302 1901 ita
316 1841 419 1898 tamen,
439 1840 469 1884 ut
488 1833 563 1902 quod
579 1834 666 1888 voluit
683 1835 726 1886 vir
743 1833 990 1897 aestumatissimus,
1010 1830 1075 1887 haee

193 1936 228 1969 ex
253 1918 301 1968 illa
327 1916 441 1984 pendere
469 1915 600 1970 videatur.
645 1913 775 1985 Quamvis
800 1915 870 1967 enim
893 1913 1075 1967 Eleaticorum

140 1984 151 1998 ¹*
190 2018 303 2056 acumen
319 2000 442 2052 laudetur
455 2001 484 2051 in
502 1999 682 2069 disputando,
695 2016 749 2051 nou
766 2017 798 2051 eo
815 1999 923 2068 legimus
936 1999 998 2050 illos
1014 2015 1076 2050 usos

191 2088 316 2140 faissein
331 2086 567 2155 disceptationibus
581 2102 648 2155 quae
662 2084 696 2137 ad
711 2083 901 2152 rempublicam
913 2083 1075 2152 pertineant.

189 2174 355 2244 Disputandi
386 2174 496 2225 fortasse
529 2171 641 2223 formam
673 2168 769 2219 imitati
799 2173 861 2219 sunt
896 2165 1076 2234 (nequaquam

190 2254 402 2327 philosophandi
426 2255 555 2323 principia
578 2251 673 2320 secuti)
694 2248 808 2319 Gorgias
823 2256 852 2300 et
871 2250 1030 2316 Protagoras
1044 2247 1075 2301 in

116 2330 129 2359 ¹²
190 2340 346 2411 quaestione
369 2339 402 2390 do
425 2340 482 2389 aeri
499 2338 617 2404 judicio,
645 2349 739 2387 vuum
762 2332 791 2382 in
818 2331 947 2400 reliquis,
976 2329 1075 2398 quihus

189 2422 287 2475 eximie
311 2421 404 2471 famam
429 2435 503 2469 snam
524 2417 688 2479 debuerunt,
717 2411 858 2482 sophistae
886 2410 956 2463 nihil
983 2412 1017 2461 ab
1041 2411 1074 2462 iis

192 2503 306 2555 mutuati
332 2509 407 2566 suut;
433 2500 501 2570 quin
526 2498 638 2551 Politice
666 2495 785 2561 Schola,
813 2514 827 2548 e
851 2513 904 2565 qna
925 2487 1077 2562 prodierint

194 2584 350 2655 sophistae,
380 2584 477 2636 diserto
504 2578 680 2649 Physicorum
707 2574 896 2644 Philosophiae
924 2580 1076 2642 opponatur

117 2700 139 2723 ι,
192 2672 221 2722 in
246 2672 324 2733 loco,
345 2685 424 2736 quem
450 2665 541 2739 laudat
560 2664 632 2723 idom
648 2661 735 2727 Geel,
764 2657 903 2714 Plutarch.
921 2655 980 2710 Vit.
998 2655 1077 2708 The·

195 2753 263 2803 mist.
288 2768 315 2818 p.
334 2747 393 2800 112.
412 2747 458 2813 D,
488 2746 616 2816 (quocum
640 2744 756 2798 conferri
777 2749 908 2796 merentes
931 2742 1016 2795 Isocr.
1043 2743 1076 2795 ds

195 2836 312 2887 Permut.
334 2854 362 2902 p.
389 2834 450 2885 677.
475 2831 507 2882 C.
540 2838 567 2882 et
590 2828 719 2882 Themist.
749 2827 800 2881 Or.
824 2828 939 2880 xxut.
965 2848 993 2896 p.
1014 2830 1077 2882 286.

137 2966 141 2973 ,
190 2918 237 2977 ad.
253 2915 337 2967 Hand.
357 2915 446 2982 1684.)
473 2912 511 2962 ita
529 2918 559 2962 ut
576 2909 639 2964 Viri
657 2910 721 2977 CL,
749 2910 908 2962 omniafere
925 2911 959 2961 ad
984 2907 1095 2969 Sch0-‚

139 3054 144 3071 Ι
197 2999 247 3049 lam
281 2997 427 3050 Eleaticum
466 2995 621 3061 referentis,
662 2992 807 3062 disputatio
848 2994 966 3060 speciosa
999 2996 1080 3062 magis

96 3072 99 3091 '
193 3101 271 3151 quam
293 3098 356 3136 vora
379 3080 511 3135 videatur.
550 3077 589 3128 lis
610 3075 739 3145 quidem,
766 3075 814 3143 qui
833 3074 931 3127 diserte
947 3073 1079 3130 Rhetores

197 3164 322 3234 appellari
340 3164 483 3227 volebant,
509 3157 624 3228 Gorgiae
642 3175 669 3213 v.
687 3174 728 3222 c.,
750 3156 925 3210 iustitutionis
943 3160 1081 3215 vinculum

196 3264 253 3300 cum
280 3247 407 3299 Eleaticis
439 3260 494 3297 non
515 3243 595 3312 plane
620 3239 802 3308 abnegandum
829 3247 884 3306 est,
909 3243 959 3295 sed
981 3245 1001 3296 ii
1029 3247 1081 3316 ipsi

194 3333 271 3384 aliam
296 3331 409 3396 deiude,
437 3347 498 3382 cam
516 3327 627 3397 reliquis
644 3323 780 3394 sophistis
800 3342 984 3395 communem,
1011 3327 1078 3399 phi.

149 3449 152 3458 ·
191 3412 352 3484 losophaudi
368 3414 482 3464 formam
499 3412 653 3463 induerunt

137 3497 175 3570 (1)
192 3497 292 3551 Mirum
304 3507 359 3566 est,
378 3498 452 3570 quud
468 3497 562 3551 Celeh.
581 3494 740 3550 Stindliuus
757 3494 856 3548 Gesch.
875 3498 923 3552 der
943 3499 1080 3568 Moralph.

189 3602 217 3651 p.
231 3585 265 3634 73
281 3601 321 3652 sq.
339 3583 368 3635 in
391 3583 503 3651 pristina
525 3581 679 3651 disciplinae
702 3582 811 3634 moralis
835 3584 992 3634 tractatione
1014 3583 1081 3633 nul-

189 3664 241 3716 lam
268 3683 371 3718 cansam
394 3685 422 3718 se
446 3666 564 3736 reperire
581 3667 651 3734 ajat,
671 3681 718 3716 cur
736 3681 751 3714 a
772 3662 907 3732 Sophistis
927 3683 957 3716 ea
974 3666 1081 3737 impug-

187 3757 305 3803 naretur.
341 3751 474 3805 Provocat
491 3753 525 3803 ad
541 3747 733 3820 Pythagoram:
753 3767 847 3802 verum
864 3747 944 3816 hujus
959 3750 1075 3819 placita,
1106 3763 1109 3768 ⁴

187 3841 326 3904 antequam
347 3835 466 3887 Platonis
483 3836 665 3889 relevarentur
685 3834 807 3904 ingenio,
826 3849 919 3899 parram
938 3832 966 3883 in
985 3832 1076 3888 Grae-

181 3918 242 3972 ‹cia'
256 3920 358 3989 cognita
385 3928 468 3976 arant.
504 3920 588 3992 Quod
606 3922 640 3977 ad
657 3917 844 3978 Democritum
862 3922 890 3968 et
910 3915 1076 3989 Gnomicos‚

1009 4022 1076 4073 quos

825 4112 828 4116 ’
936 4103 956 4166 7
