2520 4672
600 308 657 374 111
869 248 918 389 ἱ

137 538 301 606 mentem,
343 543 377 587 se
411 540 448 587 ea
479 517 545 585 sola
580 520 769 610 praecipere
804 517 978 605 gloriatur,
1017 543 1101 610 quae

139 657 281 734 propter
311 637 353 705 ad
387 662 420 704 se
447 637 627 730 discipulus
653 640 776 722 veniat,
811 663 877 730 qua
899 638 1022 709 scilicet
1047 667 1107 711 ra·

138 760 231 836 tione
254 758 375 849 optime
403 759 478 850 quis
505 755 681 827 domestica
708 776 741 827 et
769 756 873 829 civilia
893 762 1018 846 negotia
1040 761 1105 829 ad·

140 879 327 947 ministrare
362 879 462 969 possit
493 877 553 968 (1).
597 876 653 946 Ad
681 901 765 968 quae
793 901 869 946 cum
890 878 1109 970 respondisset

140 997 291 1067 Soerates
306 995 372 1086 (2),
391 996 549 1087 suspicari
570 1019 604 1062 se
625 995 897 1086 hano'polt‘tioam
914 1008 1019 1066 artem
1038 1023 1108 1067 non
1182 1035 1185 1041 ·

139 1140 237 1210 posse
264 1114 371 1182 tradi:
401 1114 493 1206 quod
516 1116 655 1204 efficitur
679 1132 748 1185 tum
774 1140 814 1184 ex
840 1115 1107 1200 Atheniensium,

140 1236 369 1329 sapientissimi
396 1233 530 1328 populi,
560 1259 668 1316 more,
701 1236 760 1326 qui
781 1260 885 1326 quum
906 1235 947 1303 de
969 1234 1108 1327 reliquis
1177 1217 1179 1221 ’

139 1357 267 1424 artibus
300 1379 375 1439 eos,
411 1356 470 1445 qui
500 1379 612 1423 earum
647 1355 864 1440 cognitionem
899 1353 976 1423 dot
1007 1355 1108 1447 operi

139 1473 382 1568 perceperint,
408 1454 500 1541 *solos
544 1471 722 1541 audiendos
758 1490 897 1564 putent,
933 1471 1108 1543 exsibilatis

138 1592 196 1663 vel
216 1593 284 1659 imo
303 1591 451 1678 rejectis,
483 1591 542 1680 qui
568 1614 680 1659 earum
702 1606 850 1681 expertes
877 1592 1108 1674 aestimantur,

139 1714 179 1781 in
197 1709 428 1779 deliberatione
451 1726 559 1780 tamen
577 1707 620 1775 de
638 1709 736 1777 rebus
750 1707 891 1806 publicis
912 1732 1022 1781 omnes
1045 1733 1107 1776 ou·
1179 1785 1190 1795 ⁸

139 1836 329 1920 jusounque
355 1827 477 1897 ordinis
508 1826 560 1895 vel
587 1824 782 1897 conditionis
804 1805 886 1901 cives
907 1827 1109 1913 admittunt,

138 1968 177 2019 et
206 1947 385 2018 ostendunt
418 1948 517 2032 igitur
554 1930 609 2013 ex'
625 1946 683 2012 sud
713 1946 873 2013 sententid
902 1946 944 2015 de
974 1971 1010 2015 re
1037 1949 1107 2034 agi,

140 2093 247 2161 quam
281 2067 354 2157 quis
386 2063 478 2131 nullo
506 2083 717 2156 praeceptore
750 2064 926 2152 intelligat,
956 2091 1109 2158 quaeque

140 2160 339 2281 nonpossit
365 2181 497 2269 doceri3
522 2201 593 2251 tum
619 2208 658 2250 ex
683 2160 831 2274 exemplo
857 2182 1032 2253 illustrium
1054 2188 1108 2256 vi-

136 2330 273 2389 rorum,
309 2303 389 2395 qui,
426 2302 643 2393 quamtumvis
678 2303 742 2393 ipsi
771 2304 808 2368 in
834 2303 932 2370 rebus
960 2302 1111 2374 civilibus

138 2422 307 2520 polleant,
329 2419 372 2488 ad
393 2445 503 2491 earum
531 2398 841 2489 administrationem
861 2446 969 2513 neque
990 2423 1108 2493 liberos

137 2561 214 2613 su'os
241 2565 351 2634 neque
382 2538 458 2606 alios
488 2537 665 2629 discipulos
688 2537 828 2607 educare
856 2541 1041 2630 potuerint:
1064 2579 1110 2596 -
1202 2585 1204 2590 ·

136 2682 316 2754 utramque
341 2661 530 2745 Protagoras
553 2676 702 2727 accurate
726 2656 847 2725 refellit
872 2660 1107 2747 objectionem,

138 2801 176 2851 et
208 2782 353 2872 priorem
379 2776 514 2869 quidem
538 2777 653 2849 ornata
680 2764 718 2846 ao
740 2779 871 2870 eopiosa
898 2798 1108 2866 argumenta-

137 2905 251 2987 tione,
273 2903 309 2967 in
332 2924 399 2991 qua
424 2899 508 2966 ratio
529 2913 644 2998 nostra
669 2898 763 2984 jubet
790 2897 991 2989 aliquamdiu
1013 2925 1107 2969 eom·

137 3021 273 3089 morari.
325 3020 415 3086 Duae
456 3034 535 3084 sunt
567 3017 687 3085 iterum
717 3017 946 3109 disputationis
975 3039 1108 3111 partes,

138 3163 287 3232 quarum
328 3136 429 3204 altera
473 3135 645 3204 confirmat
688 3137 786 3215 etiam
826 3155 924 3229 atque
965 3137 1109 3231 explieat

136 3259 282 3328 Socratis
313 3256 570 3355 dubitationem,
603 3254 701 3323 diluit
730 3254 839 3325 altera.
883 3258 977 3329 Prior
997 3268 1108 3329 autem

171 3637 1113 3732 mmmmustwmfflmwmmmma

231 3760 264 3793 τε
283 3740 337 3791 τ’ὥν
354 3741 477 3801 οἰκείων,
496 3739 565 3798 ὅπως
582 3740 615 3792 ἂν
629 3739 727 3812 ἄριστα
743 3745 794 3809 τὴν
818 3741 905 3792 αὑτοῦ
924 3744 1015 3794 οἰκίαν
1039 3744 1111 3794 daos·
1193 3806 1196 3810 ⁴

233 3837 286 3879 aot·
310 3826 358 3879 sal
382 3828 448 3897 περὶ
474 3827 528 3878 τῶν
552 3832 601 3893 τῆς
627 3829 744 3890 πόλεως,
778 3827 847 3885 ὅπως
872 3829 907 3876 τὰ
936 3831 984 3893 τῆς
1010 3829 1112 3888 πόλεως

233 3913 428 3970 δυνατώτατος
446 3912 478 3963 ἂν
497 3913 541 3980 εἴη
560 3914 608 3964 sul
624 3915 757 3984 πράττειν
775 3913 822 3964 καὶ
839 3912 938 3978 λέγειν.

175 3995 630 4068 mama-mo1
