2542 4672
606 338 662 403 156

142 550 241 647 ipsius
278 578 296 616 a
334 562 493 641 tempore,
531 570 600 638 quo
629 546 759 629 docuit,
789 562 983 637 separetur,
1014 544 1103 615 mults

144 675 179 737 in
213 672 251 738 ed
286 670 440 761 reperiri,
477 690 559 757 quae
593 684 659 731 tam
689 663 820 731 sublimi
846 664 983 751 ingenio
1007 682 1104 731 trun-

144 814 208 881 que
248 789 386 855 nominis
428 785 611 854 celebritate
641 762 756 851 ‘videri
796 800 931 875 possent
974 780 1105 871 indigna

143 908 203 974 Sin
225 923 333 974 autem
350 882 516 993 ‘cogitatur
535 902 790 996 philosophandi
812 900 1005 985 consilium,
1027 900 1106 993 quod

143 1028 179 1092 in
213 1025 367 1119 populari
399 1048 528 1092 morum
562 1022 695 1090 doctore
730 1024 868 1089 maxime
905 1020 1130 1107 cogitandun'

143 1162 209 1231 est,
236 1138 286 1210 ut¹
300 1142 368 1210 scil.
396 1146 602 1235 impugnaret
619 1140 846 1231 sophistarum
871 1142 1113 1241 auctoritatem,

143 1262 288 1330 videmus
323 1263 420 1328 etiam
454 1286 504 1327 eas
540 1260 732 1352 disciplinae
768 1278 897 1352 partes,
935 1284 1021 1351 quae
1053 1282 1105 1353 pet

143 1406 176 1447 se
209 1397 371 1481 spectatae
402 1379 437 1445 in
467 1398 610 1446 nostram
640 1378 825 1446 inciderent
861 1376 1103 1447 animadversio-

143 1525 237 1584 nem,
273 1501 395 1587 egrcgie
429 1498 534 1566 facere
572 1497 755 1565 adsummi
784 1498 844 1565 viri
874 1494 1002 1563 laudes.
1044 1496 1104 1561 lma

143 1621 255 1711 primis
288 1620 352 1685 boc
382 1617 467 1686 valet
497 1618 538 1683 de
567 1619 709 1703 justitia,
742 1640 840 1707 quam
868 1640 990 1707 nempe
1016 1614 1111 1715 Echi-¹

144 1763 196 1805 ces
231 1756 376 1829 partem,
413 1738 476 1803 nisi
512 1754 662 1803 teneatur
695 1733 780 1801 illud
815 1732 990 1820 judicandi
1017 1734 1104 1825 priu-

144 1854 285 1947 eipium,
318 1879 386 1921 non
413 1880 525 1933 vereor
551 1880 622 1922 eam
648 1854 773 1939 dicere,
801 1854 836 1919 in
861 1857 957 1941 cujus
984 1854 1115 1941 notiore,

143 1971 347 2039 emendanda
375 1975 506 2039 minime
534 1973 708 2040 Socratis
699 1974 864 2059 mgenium
889 1970 1104 2040 elaboraverit.

186 2094 331 2160 Docebat
358 2091 530 2184 quidem
520 2094 677 2179 justitiam
704 2094 810 2158 omnia
831 2116 868 2158 ca
893 2091 1000 2157 officia
1023 2114 1105 2159 cout-

143 2210 263 2305 plecti,
294 2213 450 2303 quibus
439 2213 582 2279 ruvicem
608 2211 755 2277 homines
780 2212 842 2277 sibi
869 2226 1030 2277 tenentur
1048 2182 1112 2301 (lb

143 2330 289 2422 adeoque
313 2331 394 2418 grati
421 2332 520 2396 animi
553 2330 714 2413 officium,
748 2331 916 2397 veritatem
944 2328 1110 2452 multaque

140 2447 257 2518 similia
280 2447 321 2514 ad
348 2472 419 2515 eam
446 2474 512 2515 esse
534 2448 766 2516 referenda2
732 2450 800 2541 (2)ι
830 2474 898 2516 ιιοιι
925 2448 1003 2515 solis
1030 2418 1116 2551 enim,

143 2566 361 2635 obediendum
384 2566 507 2633 diserte
525 2569 733 2659 praescriptis
756 2569 792 2631 in
816 2568 948 2635 civitate
970 2544 1111 2685 legibus,

143 2686 200 2754 sed
224 2686 292 2752 aliis
314 2680 429 2769 etiam,
458 2712 599 2778 quarum
626 2710 694 2752 non
721 2687 866 2753 homines
893 2684 986 2754 sed
976 2711 1095 2779 ipss
1033 2686 1111 2753 'Dii

143 2803 348 2872 existimandi
383 2822 528 2872 auctores
564 2806 630 2897 (3);
669 2844 713 2857 —
746 2830 857 2873 verum
884 2765 1117 2893 generaliorem·

142 2920 232 2989 ill'am
265 2923 406 3009 justitiae
442 2925 609 2989 notionem
643 2946 711 2989 non
746 2922 850 2989 solum
886 2947 958 2990 non
995 2922 1146 3023 creavit,

143 3042 307 3143 Socrates,
343 3058 377 3107 ct
413 3064 455 3107 ne
491 3040 703 3133 amplificavit
742 3040 895 3133 quidem,
933 3040 993 3109 sed
1029 3042 1112 3174 φίννῑΙ

142 3160 249 3251 potius
284 3177 317 3226 et
350 3158 504 3252 reliquit,
541 3180 580 3227 ut
606 3187 677 3228 eam
703 3163 837 3253 proprie
863 3162 928 3229 sibi
958 3118 1112 3229 tuendairi

142 3279 344 3368 provinciam
378 3282 573 3372 susciperet,
612 3305 695 3371 quae
733 3282 869 3347 maxime
906 3281 1108 3371 edversario·¹

142 3422 218 3463 rum
243 3398 434 3485 aggressioni
460 3417 532 3465 erat
558 3401 713 3492 exposita.

187 3516 356 3608 sophistae
383 3519 489 3602 enim,
517 3537 555 3584 ut
581 3544 682 3611 supra
714 3516 931 3602 ostendimus,
963 3504 1119 3613 popul-tri,

143 3636 313 3703 ambitioni
348 3634 489 3721 adulati,
528 3641 718 3729 praesertim
754 3636 853 3707 civilis
887 3640 971 3725 juris
1008 3636 1120 3733 “mlle

174 3852 215 3917 (1)
236 3852 304 3903 Plat.
323 3850 408 3920 Gorg.
426 3807 487 3904 tot.
506 3852 537 3904 Β.

174 3932 217 4000 (ι)
238 3934 307 3985 xm.
324 3934 406 3986 utem
427 3934 501 3986 ιι.
486 3936 511 3986 0.
532 3938 607 3987 1-3.
630 3935 715 3988 1v..
699 3935 715 3972 ι
744 3937 777 3986 ιι
795 3953 855 4004 sqq.
865 3933 901 3985 ·.ι
920 3926 974 4001 ιο;
992 3934 1036 3991 ιι.
1110 3924 1114 3929 “

176 4014 217 4085 (3)
237 4015 306 4068 Xon.
324 4016 405 4069 Mem.
426 4018 476 4070 lV.
496 4021 521 4071 l.
542 4021 575 4071 tc
593 4038 652 4088 sqq
