2490 4672
609 326 672 394 190

152 548 264 601 utrum
294 556 367 601 eam
400 533 549 621 attigerit
604 537 749 628 Percipit
776 561 810 605 se
841 540 980 631 propius
1008 564 1109 609 eom-
1151 548 1153 555 '

151 657 247 739 ιίιιο,
275 678 375 746 quam
401 680 495 739 eum,
529 656 589 746 qui
616 672 671 721 aut
698 679 810 724 rerum
836 659 969 725 umbras
996 675 1116 727 tantm

151 754 256 857 ridet,
284 789 341 840 aut
367 775 451 866 ipsas
479 798 530 842 res
555 773 790 867 adspectahiles
815 778 943 861 oernit,
972 794 1027 843 aut
1046 774 1119 845 ior·

151 893 211 958 rnis
238 917 452 960 numerorum
478 919 516 960 ae
543 893 723 980 figurarum
749 896 871 980 utitur,
902 893 962 962 sed
991 918 1055 986 quo
1077 896 1120 1027 iis

151 1011 343 1080 antecedere
377 1036 411 1080 se
443 1015 592 1105 putabit,
632 1016 691 1104 qui
720 1014 816 1080 etiarn
848 1030 1012 1081 conantur
1034 998 1117 1105 ipsa‘ae

102 1165 116 1181 ι
151 1131 366 1223 contemplari
399 1131 512 1200 ideas?
548 1151 728 1216 conantur,
764 1133 921 1223 inquam.
944 1134 991 1229 'in
991 1122 1113 1201 'studio

151 1253 279 1342 quippe
296 1249 486 1319 nitendum.
530 1252 618 1320 Num
639 1275 712 1320 vere
734 1249 985 1343 contemplaris,
1004 1244 1108 1339 α’πιρᾶξ

152 1392 289 1458 semper.

173 1489 336 1570 Verum,
359 1484 447 1587 dicet
467 1485 604 1554 fortasse
633 1486 770 1578 aliquis,
802 1513 821 1552 a
855 1486 1067 1564 dialectici
1047 1480 1097 1578 ιι·

127 1608 218 1690 ιιὶι,
257 1606 346 1697 quod
384 1628 618 1698 nequaquam,
655 1610 765 1695 neque
806 1604 1031 1672 seeundum'
1019 1598 1100 1711 ιιιιι

151 1724 294 1792 Platonis
315 1742 475 1808 mentem,
498 1725 539 1790 ab
562 1724 599 1791 ed
626 1724 806 1814 exspectari
826 1716 943 1815 potest.
987 1712 1097 1790 Dialis·-

137 1839 234 1912 'ticae
260 1867 329 1909 non
356 1844 497 1910 officium
523 1859 589 1926 est,
625 1862 664 1910 ut
689 1841 806 1909 doceat
838 1844 1025 1926 veritatem,
1052 1826 1098 1906 ιιι
1149 1878 1153 1997 1

151 1961 354 2031 solummodo
381 1980 418 2028 ut
449 1963 588 2053 aptiores
621 1959 739 2028 reddat
765 1961 912 2028 homines
940 1960 982 2028 ad
1005 1943 1099 2028 rerunt
1150 2020 1153 2027 .

150 2080 404 2166 inveniendum,
435 2105 503 2148 non
529 2098 568 2148 ut
592 2097 750 2149 monstret
776 2081 869 2147 nohis
896 2096 931 2146 et
961 2044 1103 2146 desciit
1142 2072 1153 2241 1

152 2220 185 2270 et
207 2202 344 2269 definiat
366 2200 476 2285 ideas,
499 2199 556 2267 sed
581 2218 619 2267 ut
648 2199 843 2291 persuadeat
869 2199 981 2283 nohis,
1001 2196 1153 2287 rejecto!

152 2345 305 2388 sensuum
328 2322 529 2403 testimonio,
552 2317 657 2402 ideas,
681 2313 848 2409 tamquam
869 2322 909 2383 τά
931 2321 1023 2392 ὄντως
1041 2290 1106 2381 ὄντι
1150 2286 1153 2341 3

152 2440 234 2508 solas
267 2438 518 2507 considerandas
541 2461 625 2521 esse,
648 2439 675 2502 si
699 2438 867 2505 veritatem
895 2437 969 2527 quis
996 2422 1153 2543 assequi¹

153 2564 274 2658 cupiat.
318 2562 408 2652 Ipsae
434 2557 523 2625 ideas
548 2574 676 2640 autern,
708 2552 818 2647 quoles
845 2571 944 2638 sunt,
974 2534 1108 2633 norimus¹

125 2678 388 2745 ¹recordatione.
438 2678 556 2765 Quum
589 2677 677 2741 enim
711 2676 818 2757 Deus,
857 2689 1034 2763 quantum
1043 2654 1116 2734 ιέἑί

151 2814 298 2888 poterat,
334 2821 383 2862 res
409 2795 551 2862 effecerit
586 2793 628 2859 ad
659 2790 905 2859 similitudinem
934 2815 1008 2857 cum
1036 2807 1113 2889 pet·-¹

129 2913 243 2984 ¹sectis
270 2938 381 2982 rerum
401 2915 589 3005 speciebus,
614 2936 697 3004 quae
724 2913 827 3004 ipsius
850 2910 954 2977 menti
975 2910 1113 2981 ἱιιιιιιι,

151 3053 263 3100 nostra
289 3058 399 3119 mens,
434 3057 519 3124 quae
546 3059 564 3100 e
592 3032 704 3102 divina
733 3029 895 3124 producta
921 3047 989 3114 est,
1020 3026 1119 3095 adeo*

152 3178 238 3243 que,
270 3174 446 3244 antequam
482 3156 518 3219 in
554 3154 619 3220 hoc
649 3170 798 3218 nostrum
829 3175 950 3247 corpus
977 3149 1126 3217 dimitte‘

151 3291 262 3356 retur,
299 3273 459 3365 perfectas
496 3297 548 3339 eas
586 3288 779 3359 cognoverat
806 3270 950 3360 species,
984 3265 1128 3358 adspce‘

154 3389 269 3460 ubiles
295 3416 346 3459 res
369 3394 517 3475 intuens,
547 3393 637 3478 signa
662 3392 700 3456 iis
727 3391 884 3480 impressa
919 3387 970 3478 (l)
1003 3386 1135 3477 depte‘

151 3515 272 3584 hendit
296 3488 433 3579 naturae
461 3512 524 3576 sibi
553 3510 644 3576 haud
670 3510 854 3596 incognitae
880 3524 913 3574 et
939 3507 987 3573 sic
1011 3512 1150 3572 carust·

152 3638 337 3728 specierum
366 3631 549 3721 ¹(idearum)
587 3653 711 3698 mernor
747 3629 806 3711 fit,
842 3628 972 3717 sibique
1005 3626 1153 3692 iterur!

153 3783 203 3823 eas
239 3770 462 3849 repraesentat
500 3752 561 3840 (2.)
607 3751 694 3816 Haec
729 3743 913 3816 recordatio
947 3768 1016 3812 non
1045 3735 1153 3807 soli?

185 3939 226 4004 (ι)
247 3937 289 3988 cr.
310 3934 416 3988 Philet.
436 3935 478 3985 ae.
497 3931 527 3983 ι

186 4019 227 4089 12)
248 4016 362 4071 phaedr.
374 4018 433 4069 246.
443 4015 475 4069 C
469 4032 546 4083 ..sqq
574 4010 673 4069 Phaed.
686 4011 729 4065 72.
739 4009 772 4066 Ε.
781 4028 841 4080 sqq.
867 4008 950 4065 Meno
965 4009 1007 4063 81
1026 3993 1153 4071 anfl
