2490 4672
700 188 742 251 52

246 398 467 480 haberentur,
490 399 578 483 ejus,
608 397 668 486 qui
693 396 884 463 interfectus
911 370 1000 478 eral,
1030 397 1188 493 propinq
1221 443 1239 471 .

177 568 181 574 .
246 504 368 599 essent,
393 511 518 607 quippe
546 514 666 605 quibus
690 512 731 580 de
757 538 816 579 suo
843 530 924 580 esset
951 512 1078 603 aliquid
1101 513 1222 594 adem

246 650 353 723 ptum.
403 624 467 709 'Ab
509 631 730 699 Orientalibus
771 632 902 722 populis
942 632 1006 697 hoc
1048 656 1115 698 esse
1152 630 1230 707 de.

246 749 434 842 sumptum,
465 752 614 818 universa
641 774 754 816 eorum
782 748 903 816 socialis
928 751 1016 847 vitae
1038 750 1123 815 ratio
1134 747 1217 822 nlo-

210 853 316 938 l‘cet:
349 895 416 936 non
445 888 572 936 tantum
600 868 783 960 propinqui
811 893 926 936 necem
951 866 1134 934 ulciscendi
1159 870 1208 956 jus

242 990 281 1054 iis
315 990 496 1072 tributum,
534 986 592 1054 sed
624 985 774 1074 obligatio
808 988 958 1077 imposita
985 1004 1066 1053 erat.
1111 963 1224 1076 Apud‘

246 1107 388 1174 Graecos
401 1106 490 1173 idem
503 1111 554 1193 jus
579 1107 724 1172 moribus
741 1125 812 1172 erat
838 1124 1009 1196 receptum
1036 1121 1069 1178 et
1089 1102 1204 1190 legibus

243 1225 494 1316 confirmatum:
533 1248 586 1291 ac·
606 1226 633 1291 si
669 1223 823 1315 cupidine
860 1226 943 1310 Lege
981 1223 1120 1313 probati
1143 1221 1203 1288 dea

242 1359 416 1433 pravatum
446 1341 590 1410 videmus
626 1360 660 1408 et
692 1340 734 1407 ad
764 1341 861 1410 vilem
886 1344 1045 1433 pecuniae
1077 1339 1237 1431 compa-52*

240 1461 363 1529 rendae
385 1464 543 1529 rationem
564 1463 750 1547 abjectum,
773 1459 985 1527 nihilominus
1008 1460 1207 1551 principium

240 1604 352 1664 suum,
383 1583 419 1647 in
455 1579 541 1647 laeso
569 1578 705 1645 familiae
722 1583 805 1666 ,jure
842 1581 1005 1671 positum,
1043 1577 1220 1644 manifesto¹

237 1700 370 1766 retinet.
414 1698 583 1790 Frequens
620 1699 718 1765 etiam
754 1715 788 1764 et
814 1696 1032 1764 memorabilis
1060 1696 1199 1787 antiqui·
1225 1738 1230 1747 ·

217 1833 291 1911 ⁴tus
330 1813 455 1882 talionis
483 1841 558 1882 usus
590 1815 653 1882 fuit
680 1816 831 1885 adversus
861 1815 1127 1900 calumniatores,
1148 1813 1199 1906 qni

237 1933 353 2028 eodem
394 1935 620 2002 afficiebantur
656 1922 757 2019 malo,
796 1934 888 2025 quod
929 1935 998 2002 aliis
1032 1952 1194 2027 pararant:

240 2054 300 2142 qui
326 2076 356 2120 v.
386 2078 414 2120 c.
452 2054 577 2120 crimen
609 2054 744 2146 capitale
781 2053 876 2122 alicui
910 2052 991 2122 falso
1026 2036 1196 2141 objecerat,

133 2148 136 2152 Δ
235 2170 417 2245 homicidae
445 2172 668 2239 assimilandus
696 2172 868 2242 videbatur
891 2192 923 2240 et
949 2175 1019 2264 ipse
1048 2171 1125 2241 ideo
1146 2197 1195 2240 ea·
1211 2198 1215 2219 ¹

235 2289 304 2379 pite
341 2287 552 2381 plectendus3
592 2292 682 2382 quod
724 2290 820 2357 simul
860 2293 1025 2396 probat
1015 2317 1084 2378 jam
1118 2292 1198 2360 anti·

236 2409 391 2498 quissimo
419 2428 565 2500 tempore
593 2435 661 2476 non
688 2411 868 2501 perpetrati
895 2392 999 2477 solum
1026 2409 1084 2477 sed
1113 2394 1224 2502 etiam·

32 2606 43 2629 0
132 2573 133 2576 =
235 2528 377 2595 instituti
400 2530 544 2594 criminis
569 2553 709 2618 poenam
730 2528 826 2603 fuisse
851 2546 1006 2596 exactam.
1052 2527 1211 2622 Exempla

234 2646 324 2711 enim
353 2663 430 2711 sunt
462 2649 677 2738 perantiqua,
713 2650 750 2712 in
781 2649 900 2738 quibus
927 2666 1067 2739 propter
1099 2650 1228 2734 grave,

234 2781 335 2831 tatem
361 2788 453 2831 suam
480 2763 523 2831 ad
541 2765 683 2831 Danielis
707 2765 907 2858 supplicium
924 2790 1089 2856 provoco,
1118 2764 1206 2859 quod

233 2906 310 2949 cum
344 2885 464 2951 Divino
503 2882 660 2950 miraculo
697 2884 841 2970 effugisse
882 2882 1067 2967 videretur,
1107 2885 1206 2976 ipsius

233 2985 433 3069 accusatores
469 3027 545 3070 cum
583 3003 737 3068 uxoribus
785 3020 818 3069 et
857 3001 968 3069 liberis
1007 3001 1100 3070 idem
1140 3003 1234 3096 pati

235 3121 435 3206 cogebantur
462 3121 523 3211 (l).
579 3122 736 3189 Universe
765 3139 874 3188 autem
904 3125 956 3208 jus
986 3118 1119 3188 talionis
1148 3100 1224 3215 vaev

232 3238 321 3307 lebat
357 3242 394 3304 in
427 3242 465 3305 iis
498 3242 599 3306 causis
635 3242 791 3324 maxime,
827 3239 869 3306 de
905 3239 1027 3330 quibus
1055 3250 1214 3332 expresse·

229 3359 301 3447 lege
342 3385 410 3426 non
451 3379 583 3427 cautum
617 3378 687 3426 erat
720 3359 772 3426 vel
809 3361 914 3426 caveri
949 3382 1018 3424 non
1053 3378 1206 3450 poterat,

229 3503 260 3547 v.
293 3504 321 3546 c.
351 3480 387 3544 in
417 3480 545 3564 injuriis
576 3479 725 3546 arcendis
753 3498 786 3546 et
816 3476 1054 3566 vindicandis,
1076 3459 1234 3570 ⁴quibus,

147 3635 150 3640 ·
231 3597 432 3665 diversarum
455 3599 622 3665 civitatum
653 3600 736 3669 cives
766 3616 821 3665 aut
852 3598 993 3667 universi
1020 3597 1148 3691 populi
1174 3624 1207 3669 se

262 3771 302 3840 (1)
323 3773 394 3822 Dan
429 3769 480 3820 VI.
508 3771 550 3818 tt.
603 3768 739 3837 Quodh.
772 3771 791 3820 1.
818 3770 851 3821 de
878 3769 948 3820 Juria
974 3768 1064 3836 specie
1101 3772 1207 3838 potius,

319 3841 440 3906 quamde
457 3840 626 3912 tyrannico
604 3839 714 3889 arbitrio
725 3856 772 3906 cog
759 3840 893 3889 itandum
912 3840 962 3901 sit,
983 3837 1116 3890 evincunt
1128 3857 1209 3893 accu-

317 3916 432 3958 ειι·ιοιιιιιι
461 3926 586 3958 numerus
612 3915 638 3957 et
663 3881 822 3970 auctoritas,
848 3907 901 3974 quia
919 3909 975 3973 ipsa
991 3906 1078 3975 Regia
1084 3917 1212 3988 potestas

322 3977 516 4043 circumscripta
491 3979 612 4029 tsuisse
631 3977 745 4034 videtur.
783 3947 825 4030 Cf’.
846 3977 909 4030 dict.
931 3977 997 4043 Cap.
1016 3976 1129 4044 passim
