2520 4672
654 351 805 418 1tt=

115 563 118 568 ’
225 537 319 646 tem,
349 563 408 653 qui
431 559 555 647 vulgari
582 557 734 650 opinione
758 557 897 643 injustus
926 556 1111 623 habebatur
1140 557 1211 650 (l),

232 707 251 749 e
280 683 380 750 veteri
408 679 581 748 traditione
604 676 782 744 referentes
809 676 971 767 Areopagi
992 674 1124 763 judicio
1147 681 1211 746 ab·

234 799 375 867 solutum
397 798 457 889 (2).
511 796 577 864 Sed
603 794 773 888 paullatim
794 796 950 863 viderunt
977 796 1129 864 homines
1154 825 1209 868 ae-

237 944 337 1011 quam
358 921 498 1006 justitiae
526 914 771 983 distribuendae
798 903 1117 986 rationem'existere
1142 943 1210 986 non

184 1085 189 1093 ·
234 1063 348 1132 posse,
372 1040 433 1104 nisi
456 1055 766 1126 certus-poenarum
792 1034 909 1100 modus
935 1036 1157 1124 constituatur
1179 1055 1211 1105 et

235 1159 355 1248 cuique
387 1181 444 1223 sua
476 1156 639 1221 tribuatur
662 1153 801 1236 delicto,
826 1177 926 1243 quam
951 1155 1113 1221 rationem
1142 1157 1209 1221 Za-

232 1276 345 1365 leucus
381 1276 511 1375 primus
545 1273 668 1341 dicitur
704 1271 827 1360 legibus
854 1274 919 1338 suis
948 1271 1120 1364 adoptasse
1150 1275 1210 1366 (3).

232 1387 417 1461 Poenarum
438 1390 582 1460 modum
620 1389 841 1459 constituendi
875 1388 1021 1458 studium
1055 1392 1092 1456 in
1132 1417 1208 1458 om-

190 1497 195 1514 ¹
233 1514 327 1579 nium
343 1509 552 1603 'populorum
581 1510 717 1577 historia
745 1529 900 1610 apparet,
936 1533 976 1594 epo
1004 1508 1147 1576 feliciori
1168 1506 1215 1579 eff

141 1670 143 1675 r
234 1647 334 1700 ventu
374 1631 574 1721 probatum,
613 1653 681 1719 quo
718 1628 927 1694 humanitatis
966 1626 1063 1695 laude
1098 1650 1212 1699 essent

232 1752 493 1841 praestantiores.
553 1750 696 1815 Conatus
728 1749 853 1839 optimo
889 1746 1023 1815 consilio
1062 1752 1211 1842 suscepti

234 1862 342 1963 saepe
358 1886 490 1934 tenuem
517 1885 645 1933 tantum
676 1884 709 1934 et
738 1866 902 1938 confusam
939 1869 1018 1954 justi
1052 1870 1211 1936 notitiam

232 1991 408 2057 evincunt:
441 1987 488 2053 sic
518 1987 631 2053 Persas
661 1986 837 2075 accipimus
865 2011 1037 2078 nunquam
1066 2004 1211 2079 propter
1246 2050 1251 2061 ,

231 2108 345 2191 unum.
374 2121 669 2196 quantumcunque
705 2103 862 2172 delictum
900 2103 1064 2172 maleficos
1099 2089 1229 2185 morte,

231 2227 417 2318 punivisse,
439 2251 459 2290 a
485 2224 681 2291 delictorum
708 2248 846 2292 numero
872 2225 1107 2319 potiusquam
1129 2250 1209 2312 gra·
1251 2299 1254 2307 ¹

232 2346 332 2414 vitate
358 2342 589 2435 poenalitatem
623 2345 825 2427 metientesg
859 2345 1051 2414 Institutum
1083 2343 1210 2423 lauda·
1243 2370 1249 2379 ·

233 2463 281 2534 vit
302 2462 487 2532 Herodotus
510 2463 570 2556 (J.
666 2529 669 2534 ,
927 2445 929 2449 ,
1054 2459 1057 2464 ’

663 2613 701 2726 a.
733 2623 774 2700 o.

228 2781 236 2792 ⁷
273 2813 461 2919 Quemnam
489 2813 553 2879 sibi
584 2831 705 2881 veteres
735 2839 915 2906 poenarum
943 2814 1044 2883 finem
1071 2841 1210 2912 propo-

230 2931 375 3016 suerint,
411 2929 533 2998 l’rustra
568 2957 751 3024 quaereres.
804 2935 844 3000 ln
885 2931 950 3000 sola
987 2935 1214 3008 Theocratica
1250 2952 1254 3033 3'

229 3045 361 3141 imperii
387 3049 491 3116 forma
513 3050 651 3143 simplex
676 3068 764 3137 erat,
794 3053 864 3134 scil.
893 3070 931 3120 ut
953 3051 1099 3123 divinam
1126 3059 1212 3126 vin·-

230 3165 356 3233 dictam
382 3165 640 3260 deprecarentur
669 3172 738 3238 eive
765 3170 997 3241 satisfacerent.
1049 3174 1091 3240 In
1123 3176 1213 3245 reli·
1252 3246 1254 3251 ,

231 3285 305 3376 quis
319 3283 418 3352 modo
430 3284 552 3354 malum
566 3287 652 3356 malo
664 3288 827 3357 referendi
837 3288 998 3393 sciphum,
1012 3292 1118 3362 modo
1126 3296 1212 3366 ebs-
1236 3264 1254 3405 d

222 3450 584 3470 m

276 3525 577 3647 pptpprpppa.
623 3597 674 3647 752
711 3595 733 3648 E
771 3598 776 3610 ·
818 3596 878 3648 th·
915 3597 939 3648 r
1242 3554 1254 3613 ¹·

276 3597 304 3666 fl)
322 3612 563 3731 Cll'lcS'chtlllneall¹
573 3614 693 3718 vsllrestl.
729 3600 1216 3727 psrrpisspargktaugppppnflpssissgss
1250 3682 1254 3709 ¹

198 3786 203 3795 ¹
239 3743 242 3748 '
322 3731 398 3802 Quae
428 3730 482 3786 huc
508 3734 659 3800 pertinent,
687 3743 807 3786 accurate
834 3737 956 3803 exposuit
981 3737 1010 3790 J.
1034 3755 1061 3793 v·
1083 3736 1218 3795 wenta-ik

320 3801 401 3868 Disp.
417 3802 450 3854 de
466 3800 562 3854 dasch.
579 3800 721 3872 Choeph„
741 3805 827 3874 deque
845 3804 951 3858 Electra
969 3824 1029 3858 cum
1047 3804 1138 3876 Sepla.
1158 3819 1218 3867 tun

324 3866 418 3938 Eurip.
436 3869 471 3921 L.
490 3871 519 3923 B.
540 3872 616 3924 1826.

263 3935 304 4002 (3)
324 3935 403 3990 Stoh.
422 3937 508 3992 Serm.
528 3939 643 3992 CXLV.
662 3941 705 3992 cd.
723 3939 849 3995 Wechel.
868 3961 895 4008 p.
914 3940 976 3996 458.

262 4004 303 4074 (d)
322 4003 356 4054 L.
379 4006 402 4057 1.
425 4007 535 4061 C.137.
570 4009 621 4061 eff.
640 4011 746 4062 omnino
766 4013 799 4063 de
817 4009 975 4081 bec'Lege‚
999 4031 1068 4082 quae
1085 4016 1217 4073 universe
1247 4028 1250 4033 '

320 4074 431 4142 jubebat
446 4078 522 4128 malis
538 4095 552 4126 a
570 4095 617 4132 reo
635 4081 794 4147 perpetretis
812 4082 953 4146 praeterita
969 4083 1114 4135 henoteta
1133 4104 1219 4140 con·
1251 4110 1254 4131 ¹

324 4144 431 4214 parari,
442 4163 510 4217 quos
518 4148 582 4200 citat
599 4145 731 4203 Valckeu.
747 4151 781 4201 ad
798 4148 1217 4211 Herod.v1.³o.osvtt.19t
1251 4140 1254 4211 l

1249 4272 1254 4313 l

1249 4390 1254 4487 i
