2520 4672
642 330 732 395 101*
1061 366 1105 401 ,ι

184 540 285 627 magis
304 534 457 634 ''ratione,
481 542 593 628 quam'
608 556 797 625 argumento
820 543 923 631 posita
945 560 1012 610 est:
1046 570 1149 635 quum

181 658 273 724 enim
309 656 460 750 populari
501 659 695 743 ambitione,
725 683 821 750 quae*
852 685 962 727 rerum
979 704 987 725 .
1004 663 1149 731 civilium
1197 638 1200 649 ι

181 775 431 863 intelligentiam
454 795 582 867 captare
606 795 640 843 et
664 778 975 846 administrationem
998 782 1145 873 amplec-

181 896 207 962 ti
238 901 430 980 conaietnr,
447 891 522 980 usi,
545 896 631 964 hanc
658 896 843 964 facultatem
870 897 961 964 facile
989 924 1021 966 se
1051 882 1143 968 com-

131 1043 139 1064 ·
177 1016 347 1084 municare
384 1039 477 1108 posse
513 997 743 1102 gloriarentur,
759 1018 766 1046 ³
779 1034 813 1084 et
850 1017 999 1084 viderent
1041 1018 1144 1101 cives,

180 1135 341 1224 imprimis
363 1133 599 1221 adolescentes,
625 1138 740 1203 crebro
759 1136 847 1202 adse
866 1136 1064 1219 adfluentes,
1088 1138 1144 1201 in-

179 1251 420 1336 tellexerunt‚‘
439 1272 599 1344 quantum
640 1254 682 1320 ad
723 1278 816 1321 suum
861 1255 1066 1322 commodum
1106 1281 1145 1323 ex

177 1373 348 1438 communi
388 1371 452 1439 hoc
494 1371 610 1468 ardore
650 1391 782 1464 possent
816 1375 940 1440 efficere
975 1392 1016 1443 et.
1048 1375 1146 1465 primi

172 1488 323 1582 pretium
351 1490 517 1582 quoddam
544 1508 745 1575 statuerunt,
778 1500 851 1582 quo‘
876 1493 952 1558 artis
981 1496 1056 1559 suae
1081 1519 1144 1561 no-

175 1608 286 1674 titiam
312 1606 460 1675 studiosis
490 1610 668 1678 venderent
690 1609 749 1699 (l).
776 1609 780 1618 '
808 1610 953 1693 Deinde,
976 1630 1013 1677 ut
1040 1610 1144 1679 solent

171 1725 344 1818 popularis
372 1751 466 1794 aurae
490 1727 721 1812 adfectatores,
744 1727 939 1816 singularem
961 1727 1145 1797 doctrinam

169 1839 368 1934 jactitarunt
390 1845 450 1936 (2).
495 1848 588 1936 Quae
611 1847 711 1934 igitur
739 1873 756 1913 a
782 1847 915 1939 reliquis
942 1846 1146 1938 Philosophis

205 2095 250 2163 (1)
272 2095 427 2164 Protagoras
443 2095 542 2148 dicitur
559 2097 660 2164 primus
674 2085 822 2150 mercedem
839 2096 990 2165 poposcisse
1000 2097 1068 2149 Plat.
1081 2097 1151 2148 Pro-

181 2238 185 2243 ,
271 2185 321 2247 tag.
345 2179 405 2230 349.
424 2178 458 2229 Α.
488 2178 543 2245 (eff.
563 2178 673 2231 Thesei.
692 2182 751 2232 161.
768 2178 801 2231 Ε.
826 2177 1151 2248 Diog.1.aere.1x.5z.

266 2261 357 2328 ibique
391 2258 527 2328 Menag.)‚
566 2263 609 2314 cui
643 2262 703 2313 loco
729 2263 783 2313 non
807 2263 997 2325 adversantur,
1025 2278 1093 2328 quae
1117 2261 1151 2311 de

174 2374 177 2379 -
256 2340 375 2393 Zenone
398 2341 471 2393 idem
495 2343 632 2394 affirmant.
674 2343 744 2395 Nem
760 2341 806 2396 hic
824 2344 911 2413 neque
928 2345 1036 2397 virtutis
1054 2345 1150 2413 magis
1207 2397 1208 2400 ,

265 2430 336 2474 trum
368 2441 395 2493 se
430 2424 612 2491 praedicavit,
647 2442 732 2494 neque
765 2425 881 2494 publicis
911 2426 1070 2497 lectionibus
1096 2424 1152 2498 59:

265 2502 413 2573 phistarum
437 2524 517 2558 more.
536 2507 678 2574 pecuniam*
697 2524 848 2576 comparare
872 2507 990 2557 studuit:
1016 2512 1152 2557 narratum

267 2590 345 2640 etiam
377 2590 411 2642 de
441 2591 547 2642 Zenone
576 2591 651 2645 nulli
675 2591 841 2643 'contumelia
873 2589 980 2657 adjecta·
1009 2591 1110 2643 AlciB.¹
1127 2590 1151 2642 1:

268 2673 327 2725 119.
356 2675 390 2727 t.
426 2675 723 2744 sz0151npiod.ed.
755 2673 980 2731 cremenscb.
1011 2673 1108 2730 ad'ilr
1131 2676 1150 2729 12

266 2775 294 2824 p.
312 2759 389 2808 140.
405 2756 509 2828 Neque
518 2762 624 2813 obstant
635 2778 730 2830 ,quse
749 2763 781 2814 de
795 2759 969 2829 Antiphonte
990 2778 1004 2811 e
1024 2758 1148 2812 Diodoro

265 2839 387 2907 leguntur
413 2843 484 2907 apud
509 2841 594 2894 Clem.
621 2844 698 2895 Alex.
728 2843 828 2896 Strom.
848 2843 872 2895 1.
897 2863 925 2911 p.
945 2844 1005 2895 365.
1030 2824 1149 2894 uallo·
1102 2865 1149 2908 μι-

266 2925 338 2973 σθοῦ
373 2932 557 2996 cvsqycpq'cas
578 2929 686 2998 cepticos
713 2930 853 2979 δικανικὸν
879 2927 973 2992 λόγον,
1009 2927 1148 2996 aliosque,

264 3025 334 3077 quos
357 3010 422 3062 citat
448 3012 521 3087 doct.
540 3011 627 3080 Spaan
647 3012 679 3065 de
699 3010 839 3085 Antiphst
830 3029 858 3061 rn
881 3007 1023 3062 libunlien.
1046 3009 1148 3077 Opusc.

263 3113 291 3162 p.
318 3095 378 3146 230.
421 3096 465 3147 lbi
492 3098 561 3148 enim
585 3098 618 3148 de
645 3097 766 3149 mercede
792 3111 876 3147 sermo
901 3100 939 3143 est
961 3109 1012 3160 pro
1039 3092 1146 3143 defenso

261 3177 368 3245 negotio
393 3179 508 3245 accepts.
549 3179 669 3250 Quantas
688 3179 795 3232 divitias
820 3176 871 3229 hnc
887 3177 988 3228 ratione
1006 3170 1146 3245 congesse-

262 3261 325 3312 rint¹
343 3259 496 3329 sophistice,
525 3265 587 3315 satis
610 3271 703 3315 notum
721 3270 768 3314 est.
805 3259 984 3312 Vehementer
1000 3261 1028 3310 in
1045 3277 1147 3312 morem

262 3341 365 3397 invexit
389 3342 528 3408 Socrates,
554 3347 601 3414 qui
626 3353 736 3414 propter
762 3363 823 3396 eum
845 3341 1043 3412 reprehendisse
1066 3344 1144 3394 Aris-

262 3425 367 3492 tippum
396 3426 488 3497 (Diog.
507 3428 541 3480 L.
567 3418 619 3480 lX.
646 3430 723 3496 63.-),
752 3435 778 3479 ct
803 3425 940 3494 Sophistas
965 3445 1024 3479 cum
1050 3426 1144 3478 scortis

252 3504 406 3562 ¹contulisse¹
427 3511 524 3563 dicitur
549 3507 674 3578 Xen'oph.
691 3509 772 3562 Mem.
794 3508 817 3561 Ι.
835 3511 862 3560 6.
881 3510 934 3559 13.
951 3509 999 3558 καὶ
1018 3510 1068 3573 τὴν
1094 3522 1148 3556 ‹rc-1

264 3595 330 3653 etas
354 3593 477 3654 ὡσαύτως
499 3596 563 3654 τοῦς
582 3595 630 3658 μὲν
646 3595 774 3664 ἀργυρίου
791 3592 829 3660 τῷ
845 3592 1002 3656 βουλομένῳ
1018 3589 1143 3640 πωλοῦν-

262 3696 313 3735 τας
330 3681 469 3740 σοφιστὰς,
489 3677 573 3748 ὥςπερ
590 3679 719 3748 πόρνους,
737 3676 926 3728 ἀποκαλούσιν.
971 3671 1052 3737 Apud
1076 3670 1140 3722 Pla-

229 3798 236 3822 .
262 3771 352 3815 torrem
376 3763 464 3831 lepide
491 3760 558 3814 hanc
581 3764 625 3814 ob·
643 3780 699 3814 rem
723 3779 776 3814 eos.
792 3759 937 3825 saepissime
964 3754 1034 3806 ludit
1064 3771 1090 3809 r·
1114 3773 1139 3806 c.
1162 3754 1164 3756 ’

252 3845 366 3916 ἘῐαῑγΙ.
390 3866 417 3914 p.
436 3848 495 3899 384.
523 3848 628 3916 Protag.
654 3848 713 3898 313.
730 3845 762 3897 C.
789 3843 848 3894 328.
867 3839 898 3891 Β.
916 3838 947 3890 C.
975 3838 1033 3904 Ap.
1046 3835 1075 3891 8
1094 3837 1137 3888 20.

224 3929 294 3982 Β
321 3927 406 3996 Soph.
426 3929 526 3982 133.C.
544 3931 582 3982 D.
605 3929 685 3982 Meno
703 3930 746 3979 91.
763 3926 800 3977 D.
818 3924 883 3992 Rep.
903 3920 926 3972 l.
946 3922 1005 3971 337.
1024 3919 1061 3973 D.
1054 3939 1138 3990 ..sqq

200 4015 243 4084 (2)
265 4012 389 4084 Xenoph.
410 4012 503 4083 Symp
520 4014 579 4068 init.
