<?xml version="1.0" encoding="UTF-8"?>
<!DOCTYPE html PUBLIC "-//W3C//DTD XHTML 1.0 Transitional//EN"
    "http://www.w3.org/TR/xhtml1/DTD/xhtml1-transitional.dtd">
<html xmlns="http://www.w3.org/1999/xhtml" xml:lang="en" lang="en">
 <head>
  <title>
</title>
<meta http-equiv="Content-Type" content="text/html;charset=utf-8" />
  <meta name='ocr-system' content='tesseract 3.04.00' />
  <meta name='ocr-capabilities' content='ocr_page ocr_carea ocr_par ocr_line ocrx_word'/>
</head>
<body>
  <div class='ocr_page' id='page_1' title='image "./historiaphiloso00vedegoog/historiaphiloso00vedegoog_0286.png"; bbox 0 0 2520 4672; ppageno 0'>
   <div class='ocr_carea' id='block_1_1' title="bbox 585 270 659 336">
    <p class='ocr_par' dir='ltr' id='par_1_1' title="bbox 585 270 659 336">
     <span class='ocr_line' id='line_1_1' title="bbox 585 270 659 336; baseline -0.014 -1"><span class='ocrx_word' id='word_1_1' title='bbox 585 270 659 336; x_wconf 16' lang='lat'>,275</span> 
     </span>
    </p>
   </div>
   <div class='ocr_carea' id='block_1_2' title="bbox 148 459 1109 576">
    <p class='ocr_par' dir='ltr' id='par_1_2' title="bbox 148 459 1109 576">
     <span class='ocr_line' id='line_1_2' title="bbox 148 459 1109 576; baseline -0.004 -27"><span class='ocrx_word' id='word_1_2' title='bbox 148 480 276 576; x_wconf 80' lang='lat' dir='ltr'>pliciter</span> <span class='ocrx_word' id='word_1_3' title='bbox 309 485 361 568; x_wconf 86' lang='lat' dir='ltr'>jus</span> <span class='ocrx_word' id='word_1_4' title='bbox 398 459 461 562; x_wconf 85' lang='lat' dir='ltr'>est,</span> <span class='ocrx_word' id='word_1_5' title='bbox 498 477 533 543; x_wconf 91' lang='lat' dir='ltr'>id</span> <span class='ocrx_word' id='word_1_6' title='bbox 563 494 612 543; x_wconf 90' lang='lat' dir='ltr'>est</span> <span class='ocrx_word' id='word_1_7' title='bbox 639 475 680 542; x_wconf 89' lang='lat' dir='ltr'>de</span> <span class='ocrx_word' id='word_1_8' title='bbox 705 478 778 562; x_wconf 89' lang='lat' dir='ltr'>jure</span> <span class='ocrx_word' id='word_1_9' title='bbox 805 475 910 545; x_wconf 74' lang='lat' dir='ltr'>civilia</span> <span class='ocrx_word' id='word_1_10' title='bbox 942 476 979 543; x_wconf 86' lang='lat' dir='ltr'>id</span> <span class='ocrx_word' id='word_1_11' title='bbox 1006 495 1109 545; x_wconf 86' lang='lat' dir='ltr'>autem</span> 
     </span>
    </p>
   </div>
   <div class='ocr_carea' id='block_1_3' title="bbox 80 595 1114 2111">
    <p class='ocr_par' dir='ltr' id='par_1_3' title="bbox 80 595 1114 2111">
     <span class='ocr_line' id='line_1_3' title="bbox 147 595 1110 687; baseline -0.006 -18"><span class='ocrx_word' id='word_1_12' title='bbox 147 619 195 669; x_wconf 92' lang='lat' dir='ltr'>est</span> <span class='ocrx_word' id='word_1_13' title='bbox 221 603 307 666; x_wconf 87' lang='lat' dir='ltr'>inter</span> <span class='ocrx_word' id='word_1_14' title='bbox 333 621 406 681; x_wconf 88' lang='lat' dir='ltr'>eos,</span> <span class='ocrx_word' id='word_1_15' title='bbox 449 597 507 687; x_wconf 86' lang='lat' dir='ltr'>qui</span> <span class='ocrx_word' id='word_1_16' title='bbox 547 597 630 664; x_wconf 85' lang='lat' dir='ltr'>vitae</span> <span class='ocrx_word' id='word_1_17' title='bbox 657 596 840 662; x_wconf 84' lang='lat' dir='ltr'>societatem</span> <span class='ocrx_word' id='word_1_18' title='bbox 866 595 1036 681; x_wconf 90' lang='lat' dir='ltr'>inierunt,</span> <span class='ocrx_word' id='word_1_19' title='bbox 1070 622 1110 664; x_wconf 87' lang='lat' dir='ltr'>ne</span> 
     </span>
     <span class='ocr_line' id='line_1_4' title="bbox 80 714 1112 809; baseline -0.003 -25"><span class='ocrx_word' id='word_1_20' title='bbox 80 717 92 730; x_wconf 75' lang='lat'><strong><em>⁴</em></strong></span> <span class='ocrx_word' id='word_1_21' title='bbox 144 743 210 809; x_wconf 87' lang='lat' dir='ltr'>qua</span> <span class='ocrx_word' id='word_1_22' title='bbox 237 743 272 784; x_wconf 91' lang='lat' dir='ltr'>re</span> <span class='ocrx_word' id='word_1_23' title='bbox 302 717 344 783; x_wconf 89' lang='lat' dir='ltr'>ad</span> <span class='ocrx_word' id='word_1_24' title='bbox 372 714 547 783; x_wconf 89' lang='lat' dir='ltr'>vivendum</span> <span class='ocrx_word' id='word_1_25' title='bbox 574 718 751 791; x_wconf 85' lang='lat' dir='ltr'>necessaria</span> <span class='ocrx_word' id='word_1_26' title='bbox 775 734 926 800; x_wconf 83' lang='lat' dir='ltr'>egerent,</span> <span class='ocrx_word' id='word_1_27' title='bbox 960 714 1057 782; x_wconf 87' lang='lat' dir='ltr'>liberi</span> <span class='ocrx_word' id='word_1_28' title='bbox 1080 732 1112 781; x_wconf 86' lang='lat' dir='ltr'>et</span> 
     </span>
     <span class='ocr_line' id='line_1_5' title="bbox 144 820 1110 927; baseline -0.002 -26"><span class='ocrx_word' id='word_1_29' title='bbox 144 820 311 927; x_wconf 76' lang='lat' dir='ltr'>aequales,</span> <span class='ocrx_word' id='word_1_30' title='bbox 344 852 399 900; x_wconf 89' lang='lat' dir='ltr'>aut</span> <span class='ocrx_word' id='word_1_31' title='bbox 426 833 472 899; x_wconf 87' lang='lat' dir='ltr'>ad</span> <span class='ocrx_word' id='word_1_32' title='bbox 492 832 689 919; x_wconf 77' lang='lat' dir='ltr'>analogiam,</span> <span class='ocrx_word' id='word_1_33' title='bbox 719 851 775 899; x_wconf 85' lang='lat' dir='ltr'>aut</span> <span class='ocrx_word' id='word_1_34' title='bbox 796 832 839 898; x_wconf 91' lang='lat' dir='ltr'>ad</span> <span class='ocrx_word' id='word_1_35' title='bbox 861 857 1040 900; x_wconf 88' lang='lat' dir='ltr'>numerum</span> <span class='ocrx_word' id='word_1_36' title='bbox 1053 832 1110 924; x_wconf 90' lang='lat' dir='ltr'>(l)</span> 
     </span>
     <span class='ocr_line' id='line_1_6' title="bbox 143 949 1112 1042; baseline -0.003 -22"><span class='ocrx_word' id='word_1_37' title='bbox 143 957 232 1020; x_wconf 85' lang='lat' dir='ltr'><strong>Inter</strong></span> <span class='ocrx_word' id='word_1_38' title='bbox 259 977 311 1020; x_wconf 89' lang='lat' dir='ltr'>eos</span> <span class='ocrx_word' id='word_1_39' title='bbox 338 954 453 1038; x_wconf 82' lang='lat' dir='ltr'>igitur,</span> <span class='ocrx_word' id='word_1_40' title='bbox 487 952 545 1041; x_wconf 86' lang='lat' dir='ltr'>qui</span> <span class='ocrx_word' id='word_1_41' title='bbox 572 975 640 1016; x_wconf 89' lang='lat' dir='ltr'>non</span> <span class='ocrx_word' id='word_1_42' title='bbox 661 949 756 1016; x_wconf 88' lang='lat' dir='ltr'>liberi</span> <span class='ocrx_word' id='word_1_43' title='bbox 777 969 811 1017; x_wconf 89' lang='lat' dir='ltr'>et</span> <span class='ocrx_word' id='word_1_44' title='bbox 838 950 989 1042; x_wconf 85' lang='lat' dir='ltr'>aequales</span> <span class='ocrx_word' id='word_1_45' title='bbox 1017 969 1112 1034; x_wconf 88' lang='lat' dir='ltr'>sunt,</span> 
     </span>
     <span class='ocr_line' id='line_1_7' title="bbox 144 1043 1114 1158; baseline -0.001 -20"><span class='ocrx_word' id='word_1_46' title='bbox 144 1072 264 1139; x_wconf 91' lang='lat' dir='ltr'>deinde</span> <span class='ocrx_word' id='word_1_47' title='bbox 301 1071 501 1137; x_wconf 89' lang='lat' dir='ltr'>demonstrat</span> <span class='ocrx_word' id='word_1_48' title='bbox 535 1043 602 1136; x_wconf 87' lang='lat' dir='ltr'>non</span> <span class='ocrx_word' id='word_1_49' title='bbox 637 1068 729 1136; x_wconf 85' lang='lat' dir='ltr'>civile</span> <span class='ocrx_word' id='word_1_50' title='bbox 762 1073 814 1156; x_wconf 82' lang='lat' dir='ltr'>jus</span> <span class='ocrx_word' id='word_1_51' title='bbox 855 1093 943 1152; x_wconf 89' lang='lat' dir='ltr'>esse,</span> <span class='ocrx_word' id='word_1_52' title='bbox 979 1069 1038 1136; x_wconf 89' lang='lat' dir='ltr'>sed</span> <span class='ocrx_word' id='word_1_53' title='bbox 1065 1073 1114 1158; x_wconf 86' lang='lat' dir='ltr'>jus</span> 
     </span>
     <span class='ocr_line' id='line_1_8' title="bbox 87 1187 1112 1282; baseline -0.003 -25"><span class='ocrx_word' id='word_1_54' title='bbox 87 1253 88 1256; x_wconf 73' lang='grc'>,</span> <span class='ocrx_word' id='word_1_55' title='bbox 145 1189 330 1282; x_wconf 84' lang='lat' dir='ltr'>quoddam,</span> <span class='ocrx_word' id='word_1_56' title='bbox 363 1188 454 1278; x_wconf 91' lang='lat' dir='ltr'>quod</span> <span class='ocrx_word' id='word_1_57' title='bbox 469 1189 576 1278; x_wconf 87' lang='lat' dir='ltr'>potius</span> <span class='ocrx_word' id='word_1_58' title='bbox 603 1212 643 1254; x_wconf 80' lang='lat' dir='ltr'>ex</span> <span class='ocrx_word' id='word_1_59' title='bbox 664 1187 874 1255; x_wconf 82' lang='lat' dir='ltr'>similitudine</span> <span class='ocrx_word' id='word_1_60' title='bbox 899 1189 947 1255; x_wconf 86' lang='lat' dir='ltr'>ita</span> <span class='ocrx_word' id='word_1_61' title='bbox 968 1207 1112 1257; x_wconf 83' lang='lat' dir='ltr'>vocatur.</span> 
     </span>
     <span class='ocr_line' id='line_1_9' title="bbox 140 1305 1112 1396; baseline 0.002 -23"><span class='ocrx_word' id='word_1_62' title='bbox 140 1311 197 1374; x_wconf 87' lang='lat' dir='ltr'>Jus</span> <span class='ocrx_word' id='word_1_63' title='bbox 224 1310 332 1390; x_wconf 92' lang='lat' dir='ltr'>enim,</span> <span class='ocrx_word' id='word_1_64' title='bbox 365 1305 456 1396; x_wconf 92' lang='lat' dir='ltr'>quod</span> <span class='ocrx_word' id='word_1_65' title='bbox 481 1330 555 1374; x_wconf 85' lang='lat' dir='ltr'>vere</span> <span class='ocrx_word' id='word_1_66' title='bbox 580 1305 722 1388; x_wconf 87' lang='lat' dir='ltr'>dieitur,</span> <span class='ocrx_word' id='word_1_67' title='bbox 755 1309 842 1373; x_wconf 88' lang='lat' dir='ltr'>inter</span> <span class='ocrx_word' id='word_1_68' title='bbox 864 1331 918 1374; x_wconf 89' lang='lat' dir='ltr'>eos</span> <span class='ocrx_word' id='word_1_69' title='bbox 942 1306 1026 1374; x_wconf 90' lang='lat' dir='ltr'>solos</span> <span class='ocrx_word' id='word_1_70' title='bbox 1048 1325 1112 1391; x_wconf 86' lang='lat' dir='ltr'>est,</span> 
     </span>
     <span class='ocr_line' id='line_1_10' title="bbox 144 1403 1112 1517; baseline 0.002 -27"><span class='ocrx_word' id='word_1_71' title='bbox 144 1428 202 1517; x_wconf 91' lang='lat' dir='ltr'>qui</span> <span class='ocrx_word' id='word_1_72' title='bbox 224 1427 344 1512; x_wconf 90' lang='lat' dir='ltr'>injuste</span> <span class='ocrx_word' id='word_1_73' title='bbox 367 1449 440 1512; x_wconf 84' lang='lat' dir='ltr'>erga</span> <span class='ocrx_word' id='word_1_74' title='bbox 463 1449 495 1490; x_wconf 90' lang='lat' dir='ltr'>se</span> <span class='ocrx_word' id='word_1_75' title='bbox 520 1403 661 1491; x_wconf 85' lang='lat' dir='ltr'>invicem</span> <span class='ocrx_word' id='word_1_76' title='bbox 682 1448 774 1510; x_wconf 83' lang='lat' dir='ltr'>agere</span> <span class='ocrx_word' id='word_1_77' title='bbox 794 1446 952 1517; x_wconf 71' lang='lat' dir='ltr'>possuntt</span> <span class='ocrx_word' id='word_1_78' title='bbox 976 1444 1112 1517; x_wconf 84' lang='lat' dir='ltr'>possunt</span> 
     </span>
     <span class='ocr_line' id='line_1_11' title="bbox 114 1541 1108 1636; baseline 0.002 -26"><span class='ocrx_word' id='word_1_79' title='bbox 114 1577 120 1587; x_wconf 90' lang='lat'>·</span> <span class='ocrx_word' id='word_1_80' title='bbox 142 1543 250 1611; x_wconf 76' lang='lat' dir='ltr'>autein</span> <span class='ocrx_word' id='word_1_81' title='bbox 271 1543 319 1608; x_wconf 90' lang='lat' dir='ltr'>illi</span> <span class='ocrx_word' id='word_1_82' title='bbox 341 1541 419 1629; x_wconf 93' lang='lat' dir='ltr'>soli,</span> <span class='ocrx_word' id='word_1_83' title='bbox 444 1545 502 1633; x_wconf 92' lang='lat' dir='ltr'>qui</span> <span class='ocrx_word' id='word_1_84' title='bbox 520 1542 615 1609; x_wconf 91' lang='lat' dir='ltr'>liberi</span> <span class='ocrx_word' id='word_1_85' title='bbox 638 1561 672 1610; x_wconf 87' lang='lat' dir='ltr'>et</span> <span class='ocrx_word' id='word_1_86' title='bbox 694 1544 841 1636; x_wconf 83' lang='lat' dir='ltr'>aequales</span> <span class='ocrx_word' id='word_1_87' title='bbox 855 1562 944 1611; x_wconf 89' lang='lat' dir='ltr'>sunt.</span> <span class='ocrx_word' id='word_1_88' title='bbox 989 1548 1108 1612; x_wconf 84' lang='lat' dir='ltr'>Diver-</span> 
     </span>
     <span class='ocr_line' id='line_1_12' title="bbox 140 1647 1109 1757; baseline 0.001 -28"><span class='ocrx_word' id='word_1_89' title='bbox 140 1689 175 1729; x_wconf 91' lang='lat' dir='ltr'>sa</span> <span class='ocrx_word' id='word_1_90' title='bbox 196 1662 274 1741; x_wconf 88' lang='lat' dir='ltr'>dein</span> <span class='ocrx_word' id='word_1_91' title='bbox 295 1648 435 1752; x_wconf 77' lang='lat' dir='ltr'>utraque</span> <span class='ocrx_word' id='word_1_92' title='bbox 452 1647 535 1728; x_wconf 87' lang='lat' dir='ltr'>ratio</span> <span class='ocrx_word' id='word_1_93' title='bbox 548 1661 701 1753; x_wconf 82' lang='lat' dir='ltr'>exemplis</span> <span class='ocrx_word' id='word_1_94' title='bbox 715 1661 905 1730; x_wconf 81' lang='lat' dir='ltr'>illustratur.</span> <span class='ocrx_word' id='word_1_95' title='bbox 952 1665 1109 1757; x_wconf 85' lang='lat' dir='ltr'>Princeps</span> 
     </span>
     <span class='ocr_line' id='line_1_13' title="bbox 140 1778 1107 1875; baseline 0.003 -28"><span class='ocrx_word' id='word_1_96' title='bbox 140 1806 214 1866; x_wconf 83' lang='lat' dir='ltr'>erga</span> <span class='ocrx_word' id='word_1_97' title='bbox 237 1779 383 1846; x_wconf 87' lang='lat' dir='ltr'>subditos</span> <span class='ocrx_word' id='word_1_98' title='bbox 406 1784 490 1867; x_wconf 92' lang='lat' dir='ltr'>juste</span> <span class='ocrx_word' id='word_1_99' title='bbox 518 1778 569 1846; x_wconf 90' lang='lat' dir='ltr'>vel</span> <span class='ocrx_word' id='word_1_100' title='bbox 596 1782 715 1866; x_wconf 86' lang='lat' dir='ltr'>injuste</span> <span class='ocrx_word' id='word_1_101' title='bbox 743 1806 832 1868; x_wconf 84' lang='lat' dir='ltr'>agere</span> <span class='ocrx_word' id='word_1_102' title='bbox 859 1800 988 1873; x_wconf 87' lang='lat' dir='ltr'>potest,</span> <span class='ocrx_word' id='word_1_103' title='bbox 1023 1807 1107 1875; x_wconf 86' lang='lat' dir='ltr'>quo-</span> 
     </span>
     <span class='ocr_line' id='line_1_14' title="bbox 139 1897 1108 1989; baseline 0.008 -26"><span class='ocrx_word' id='word_1_104' title='bbox 139 1901 228 1964; x_wconf 88' lang='lat' dir='ltr'>niam</span> <span class='ocrx_word' id='word_1_105' title='bbox 261 1900 393 1987; x_wconf 82' lang='lat' dir='ltr'>utrique</span> <span class='ocrx_word' id='word_1_106' title='bbox 429 1897 524 1964; x_wconf 89' lang='lat' dir='ltr'>liberi</span> <span class='ocrx_word' id='word_1_107' title='bbox 551 1916 584 1964; x_wconf 89' lang='lat' dir='ltr'>et</span> <span class='ocrx_word' id='word_1_108' title='bbox 616 1899 763 1989; x_wconf 85' lang='lat' dir='ltr'>aequales</span> <span class='ocrx_word' id='word_1_109' title='bbox 793 1920 889 1975; x_wconf 82' lang='lat' dir='ltr'>sunt:</span> <span class='ocrx_word' id='word_1_110' title='bbox 926 1905 1016 1968; x_wconf 90' lang='lat' dir='ltr'>inter</span> <span class='ocrx_word' id='word_1_111' title='bbox 1052 1904 1108 1971; x_wconf 91' lang='lat' dir='ltr'>hos</span> 
     </span>
     <span class='ocr_line' id='line_1_15' title="bbox 138 2002 1108 2111; baseline 0.011 -32"><span class='ocrx_word' id='word_1_112' title='bbox 138 2002 238 2101; x_wconf 72' lang='lat' dir='ltr'>igilur</span> <span class='ocrx_word' id='word_1_113' title='bbox 270 2018 321 2099; x_wconf 86' lang='lat' dir='ltr'>jus</span> <span class='ocrx_word' id='word_1_114' title='bbox 351 2013 522 2105; x_wconf 81' lang='lat' dir='ltr'>politicum</span> <span class='ocrx_word' id='word_1_115' title='bbox 548 2018 744 2105; x_wconf 81' lang='lat' dir='ltr'>intercedit3</span> <span class='ocrx_word' id='word_1_116' title='bbox 781 2018 838 2086; x_wconf 90' lang='lat' dir='ltr'>sed</span> <span class='ocrx_word' id='word_1_117' title='bbox 866 2019 1019 2089; x_wconf 88' lang='lat' dir='ltr'>dominus</span> <span class='ocrx_word' id='word_1_118' title='bbox 1040 2048 1108 2111; x_wconf 81' lang='lat' dir='ltr'>erga</span> 
     </span>
    </p>
   </div>
   <div class='ocr_carea' id='block_1_4' title="bbox 18 2137 1107 2234">
    <p class='ocr_par' dir='ltr' id='par_1_4' title="bbox 18 2137 1107 2234">
     <span class='ocr_line' id='line_1_16' title="bbox 18 2137 1107 2234; baseline 0.007 -33"><span class='ocrx_word' id='word_1_119' title='bbox 18 2209 25 2219; x_wconf 24' lang='grc' dir='ltr'><em>ι</em></span> <span class='ocrx_word' id='word_1_120' title='bbox 119 2144 121 2149; x_wconf 82' lang='grc'>’</span> <span class='ocrx_word' id='word_1_121' title='bbox 141 2156 269 2200; x_wconf 89' lang='lat' dir='ltr'>servum</span> <span class='ocrx_word' id='word_1_122' title='bbox 291 2156 360 2198; x_wconf 90' lang='lat' dir='ltr'>non</span> <span class='ocrx_word' id='word_1_123' title='bbox 387 2151 510 2223; x_wconf 89' lang='lat' dir='ltr'>potest,</span> <span class='ocrx_word' id='word_1_124' title='bbox 535 2137 690 2225; x_wconf 89' lang='lat' dir='ltr'>quoniam</span> <span class='ocrx_word' id='word_1_125' title='bbox 712 2158 780 2204; x_wconf 89' lang='lat' dir='ltr'>non</span> <span class='ocrx_word' id='word_1_126' title='bbox 803 2139 843 2203; x_wconf 89' lang='lat' dir='ltr'>ab</span> <span class='ocrx_word' id='word_1_127' title='bbox 865 2157 1008 2231; x_wconf 89' lang='lat' dir='ltr'>utraque</span> <span class='ocrx_word' id='word_1_128' title='bbox 1029 2167 1107 2234; x_wconf 90' lang='lat' dir='ltr'>par-</span> 
     </span>
    </p>
   </div>
   <div class='ocr_carea' id='block_1_5' title="bbox 137 2249 1107 3177">
    <p class='ocr_par' dir='ltr' id='par_1_5' title="bbox 137 2249 1107 3177">
     <span class='ocr_line' id='line_1_17' title="bbox 141 2249 1107 2346; baseline 0.01 -28"><span class='ocrx_word' id='word_1_129' title='bbox 141 2270 173 2319; x_wconf 86' lang='lat' dir='ltr'>te</span> <span class='ocrx_word' id='word_1_130' title='bbox 213 2250 304 2319; x_wconf 89' lang='lat' dir='ltr'>adest</span> <span class='ocrx_word' id='word_1_131' title='bbox 339 2249 471 2318; x_wconf 90' lang='lat' dir='ltr'>libertas</span> <span class='ocrx_word' id='word_1_132' title='bbox 503 2251 571 2342; x_wconf 81' lang='lat'>(2);</span> <span class='ocrx_word' id='word_1_133' title='bbox 611 2278 718 2344; x_wconf 87' lang='lat' dir='ltr'>neque</span> <span class='ocrx_word' id='word_1_134' title='bbox 746 2281 864 2346; x_wconf 88' lang='lat' dir='ltr'>parens</span> <span class='ocrx_word' id='word_1_135' title='bbox 889 2282 964 2344; x_wconf 82' lang='lat' dir='ltr'>erga</span> <span class='ocrx_word' id='word_1_136' title='bbox 991 2257 1107 2328; x_wconf 87' lang='lat' dir='ltr'>liberos</span> 
     </span>
     <span class='ocr_line' id='line_1_18' title="bbox 139 2370 1104 2472; baseline 0.01 -35"><span class='ocrx_word' id='word_1_137' title='bbox 139 2393 232 2454; x_wconf 87' lang='lat' dir='ltr'>suos,</span> <span class='ocrx_word' id='word_1_138' title='bbox 256 2370 336 2435; x_wconf 90' lang='lat' dir='ltr'>dum</span> <span class='ocrx_word' id='word_1_139' title='bbox 350 2372 445 2460; x_wconf 88' lang='lat' dir='ltr'>parvi</span> <span class='ocrx_word' id='word_1_140' title='bbox 463 2389 557 2455; x_wconf 91' lang='lat' dir='ltr'>suut,</span> <span class='ocrx_word' id='word_1_141' title='bbox 582 2375 736 2462; x_wconf 84' lang='lat' dir='ltr'>quoniam</span> <span class='ocrx_word' id='word_1_142' title='bbox 757 2374 960 2443; x_wconf 87' lang='lat' dir='ltr'>desideratur</span> <span class='ocrx_word' id='word_1_143' title='bbox 981 2404 1104 2472; x_wconf 88' lang='lat' dir='ltr'>aequa-</span> 
     </span>
     <span class='ocr_line' id='line_1_19' title="bbox 141 2488 1104 2592; baseline 0.011 -37"><span class='ocrx_word' id='word_1_144' title='bbox 141 2488 224 2555; x_wconf 89' lang='lat' dir='ltr'>litas.</span> <span class='ocrx_word' id='word_1_145' title='bbox 271 2489 362 2556; x_wconf 88' lang='lat' dir='ltr'>Servi</span> <span class='ocrx_word' id='word_1_146' title='bbox 383 2515 421 2556; x_wconf 87' lang='lat' dir='ltr'>ao</span> <span class='ocrx_word' id='word_1_147' title='bbox 442 2489 536 2556; x_wconf 88' lang='lat' dir='ltr'>liberi</span> <span class='ocrx_word' id='word_1_148' title='bbox 559 2494 651 2582; x_wconf 91' lang='lat' dir='ltr'>quasi</span> <span class='ocrx_word' id='word_1_149' title='bbox 674 2510 801 2582; x_wconf 86' lang='lat' dir='ltr'>partem</span> <span class='ocrx_word' id='word_1_150' title='bbox 823 2498 1031 2565; x_wconf 87' lang='lat' dir='ltr'>constituunt</span> <span class='ocrx_word' id='word_1_151' title='bbox 1049 2502 1104 2592; x_wconf 82' lang='lat' dir='ltr'>ip-</span> 
     </span>
     <span class='ocr_line' id='line_1_20' title="bbox 139 2606 1106 2711; baseline 0.014 -38"><span class='ocrx_word' id='word_1_152' title='bbox 139 2609 205 2673; x_wconf 88' lang='lat' dir='ltr'>sius</span> <span class='ocrx_word' id='word_1_153' title='bbox 233 2606 358 2674; x_wconf 88' lang='lat' dir='ltr'>domini</span> <span class='ocrx_word' id='word_1_154' title='bbox 384 2633 422 2674; x_wconf 89' lang='lat' dir='ltr'>ae</span> <span class='ocrx_word' id='word_1_155' title='bbox 444 2612 603 2700; x_wconf 85' lang='lat' dir='ltr'>parentis:</span> <span class='ocrx_word' id='word_1_156' title='bbox 636 2635 732 2679; x_wconf 91' lang='lat' dir='ltr'>nemo</span> <span class='ocrx_word' id='word_1_157' title='bbox 756 2631 864 2680; x_wconf 88' lang='lat' dir='ltr'>autem</span> <span class='ocrx_word' id='word_1_158' title='bbox 884 2639 958 2703; x_wconf 80' lang='lat' dir='ltr'>erga</span> <span class='ocrx_word' id='word_1_159' title='bbox 981 2642 1016 2685; x_wconf 93' lang='lat' dir='ltr'>se</span> <span class='ocrx_word' id='word_1_160' title='bbox 1040 2622 1106 2711; x_wconf 88' lang='lat' dir='ltr'>ipse</span> 
     </span>
     <span class='ocr_line' id='line_1_21' title="bbox 139 2726 1104 2818; baseline 0.017 -29"><span class='ocrx_word' id='word_1_161' title='bbox 139 2726 278 2811; x_wconf 86' lang='lat' dir='ltr'>injustus</span> <span class='ocrx_word' id='word_1_162' title='bbox 312 2744 360 2791; x_wconf 89' lang='lat' dir='ltr'>est</span> <span class='ocrx_word' id='word_1_163' title='bbox 386 2727 447 2816; x_wconf 86' lang='lat'>(3)</span> <span class='ocrx_word' id='word_1_164' title='bbox 503 2730 576 2796; x_wconf 88' lang='lat' dir='ltr'>Non</span> <span class='ocrx_word' id='word_1_165' title='bbox 603 2731 702 2816; x_wconf 85' lang='lat' dir='ltr'>igitur</span> <span class='ocrx_word' id='word_1_166' title='bbox 727 2735 779 2818; x_wconf 89' lang='lat' dir='ltr'>jus</span> <span class='ocrx_word' id='word_1_167' title='bbox 806 2735 895 2800; x_wconf 88' lang='lat' dir='ltr'>inter</span> <span class='ocrx_word' id='word_1_168' title='bbox 917 2759 972 2802; x_wconf 89' lang='lat' dir='ltr'>eos</span> <span class='ocrx_word' id='word_1_169' title='bbox 1001 2736 1104 2805; x_wconf 86' lang='lat' dir='ltr'>locum</span> 
     </span>
     <span class='ocr_line' id='line_1_22' title="bbox 137 2843 1101 2947; baseline 0.017 -38"><span class='ocrx_word' id='word_1_170' title='bbox 137 2843 262 2926; x_wconf 84' lang='lat' dir='ltr'>habet,</span> <span class='ocrx_word' id='word_1_171' title='bbox 278 2868 353 2910; x_wconf 90' lang='lat' dir='ltr'>oum</span> <span class='ocrx_word' id='word_1_172' title='bbox 374 2847 457 2910; x_wconf 87' lang='lat' dir='ltr'>absit</span> <span class='ocrx_word' id='word_1_173' title='bbox 484 2846 658 2939; x_wconf 82' lang='lat' dir='ltr'>aequalitas</span> <span class='ocrx_word' id='word_1_174' title='bbox 684 2851 871 2942; x_wconf 89' lang='lat' dir='ltr'>imperandi</span> <span class='ocrx_word' id='word_1_175' title='bbox 892 2871 927 2920; x_wconf 91' lang='lat' dir='ltr'>et</span> <span class='ocrx_word' id='word_1_176' title='bbox 948 2856 1101 2947; x_wconf 80' lang='lat' dir='ltr'>parendi,</span> 
     </span>
     <span class='ocr_line' id='line_1_23' title="bbox 141 2959 1102 3066; baseline 0.02 -40"><span class='ocrx_word' id='word_1_177' title='bbox 141 2959 200 3027; x_wconf 90' lang='lat' dir='ltr'>sed</span> <span class='ocrx_word' id='word_1_178' title='bbox 227 2960 329 3027; x_wconf 86' lang='lat' dir='ltr'>simile</span> <span class='ocrx_word' id='word_1_179' title='bbox 360 2962 542 3052; x_wconf 86' lang='lat' dir='ltr'>quoddam,</span> <span class='ocrx_word' id='word_1_180' title='bbox 575 2967 664 3056; x_wconf 90' lang='lat' dir='ltr'>quod</span> <span class='ocrx_word' id='word_1_181' title='bbox 690 2968 731 3034; x_wconf 90' lang='lat' dir='ltr'>ad</span> <span class='ocrx_word' id='word_1_182' title='bbox 753 2973 805 3056; x_wconf 88' lang='lat' dir='ltr'>jus</span> <span class='ocrx_word' id='word_1_183' title='bbox 828 2995 867 3037; x_wconf 90' lang='lat' dir='ltr'>eo</span> <span class='ocrx_word' id='word_1_184' title='bbox 888 2977 1030 3066; x_wconf 86' lang='lat' dir='ltr'>propius</span> <span class='ocrx_word' id='word_1_185' title='bbox 1049 3002 1102 3045; x_wconf 86' lang='lat' dir='ltr'>aa·</span> 
     </span>
     <span class='ocr_line' id='line_1_24' title="bbox 142 3079 1099 3177; baseline 0.019 -31"><span class='ocrx_word' id='word_1_186' title='bbox 142 3079 248 3173; x_wconf 82' lang='lat' dir='ltr'>aedit,</span> <span class='ocrx_word' id='word_1_187' title='bbox 280 3106 347 3170; x_wconf 92' lang='lat' dir='ltr'>quo</span> <span class='ocrx_word' id='word_1_188' title='bbox 374 3081 452 3148; x_wconf 88' lang='lat' dir='ltr'>haee</span> <span class='ocrx_word' id='word_1_189' title='bbox 479 3085 688 3177; x_wconf 86' lang='lat' dir='ltr'>inaequalitas</span> <span class='ocrx_word' id='word_1_190' title='bbox 716 3089 824 3156; x_wconf 88' lang='lat' dir='ltr'>minor</span> <span class='ocrx_word' id='word_1_191' title='bbox 844 3091 905 3174; x_wconf 86' lang='lat' dir='ltr'>sit,</span> <span class='ocrx_word' id='word_1_192' title='bbox 936 3117 967 3161; x_wconf 80' lang='lat' dir='ltr'>v.</span> <span class='ocrx_word' id='word_1_193' title='bbox 995 3119 1025 3163; x_wconf 86' lang='lat' dir='ltr'>e.</span> <span class='ocrx_word' id='word_1_194' title='bbox 1049 3097 1099 3163; x_wconf 88' lang='lat' dir='ltr'>in·</span> 
     </span>
    </p>
   </div>
   <div class='ocr_carea' id='block_1_6' title="bbox 170 3346 1108 3760">
    <p class='ocr_par' dir='ltr' id='par_1_6' title="bbox 170 3346 1108 3760">
     <span class='ocr_line' id='line_1_25' title="bbox 170 3346 1105 3425; baseline 0.015 -28"><span class='ocrx_word' id='word_1_195' title='bbox 170 3346 213 3416; x_wconf 79' lang='lat' dir='ltr'>(l)</span> <span class='ocrx_word' id='word_1_196' title='bbox 234 3347 317 3399; x_wconf 76' lang='lat' dir='ltr'>Arist.</span> <span class='ocrx_word' id='word_1_197' title='bbox 327 3348 432 3401; x_wconf 87' lang='lat' dir='ltr'>Nicom.</span> <span class='ocrx_word' id='word_1_198' title='bbox 445 3348 480 3402; x_wconf 88' lang='lat' dir='ltr'>V.</span> <span class='ocrx_word' id='word_1_199' title='bbox 496 3351 538 3402; x_wconf 89' lang='lat'>10.</span> <span class='ocrx_word' id='word_1_200' title='bbox 552 3353 595 3405; x_wconf 89' lang='grc'>66.</span> <span class='ocrx_word' id='word_1_201' title='bbox 607 3349 640 3402; x_wconf 85' lang='grc' dir='ltr'>Ε.</span> <span class='ocrx_word' id='word_1_202' title='bbox 651 3352 708 3403; x_wconf 63' lang='lat' dir='ltr'>&#39;dat</span> <span class='ocrx_word' id='word_1_203' title='bbox 724 3351 756 3402; x_wconf 79' lang='lat' dir='ltr'>di</span> <span class='ocrx_word' id='word_1_204' title='bbox 774 3357 811 3420; x_wconf 71' lang='grc' dir='ltr'>μὴ</span> <span class='ocrx_word' id='word_1_205' title='bbox 830 3355 1004 3425; x_wconf 75' lang='grc' dir='ltr'><strong><em>λανθάνειν,</em></strong></span> <span class='ocrx_word' id='word_1_206' title='bbox 1022 3360 1063 3410; x_wconf 71' lang='lat' dir='ltr'>Set</span> <span class='ocrx_word' id='word_1_207' title='bbox 1074 3360 1105 3411; x_wconf 68' lang='lat' dir='ltr'>‘el</span> 
     </span>
     <span class='ocr_line' id='line_1_26' title="bbox 231 3434 1103 3500; baseline 0.018 -19"><span class='ocrx_word' id='word_1_208' title='bbox 231 3434 401 3499; x_wconf 71' lang='grc' dir='ltr'>ζητούμενόν</span> <span class='ocrx_word' id='word_1_209' title='bbox 427 3438 483 3487; x_wconf 73' lang='grc' dir='ltr'>ἐστι</span> <span class='ocrx_word' id='word_1_210' title='bbox 509 3438 556 3486; x_wconf 75' lang='grc' dir='ltr'>καὶ</span> <span class='ocrx_word' id='word_1_211' title='bbox 578 3438 611 3486; x_wconf 86' lang='grc' dir='ltr'>τὸ</span> <span class='ocrx_word' id='word_1_212' title='bbox 634 3436 866 3500; x_wconf 70' lang='lat' dir='ltr'>duldedinem,</span> <span class='ocrx_word' id='word_1_213' title='bbox 885 3443 985 3494; x_wconf 80' lang='grc' dir='ltr'>καΙτὸ</span> <span class='ocrx_word' id='word_1_214' title='bbox 1006 3447 1103 3497; x_wconf 77' lang='grc' dir='ltr'><strong><em>πολιτν-</em></strong></span> 
     </span>
     <span class='ocr_line' id='line_1_27' title="bbox 233 3516 1105 3596; baseline 0.017 -34"><span class='ocrx_word' id='word_1_215' title='bbox 233 3516 279 3565; x_wconf 85' lang='grc' dir='ltr'>κὸν</span> <span class='ocrx_word' id='word_1_216' title='bbox 304 3517 422 3568; x_wconf 78' lang='grc' dir='ltr'>δίκαιον·</span> <span class='ocrx_word' id='word_1_217' title='bbox 446 3520 528 3568; x_wconf 84' lang='grc' dir='ltr'><strong>τοῦτο</strong></span> <span class='ocrx_word' id='word_1_218' title='bbox 553 3520 586 3568; x_wconf 73' lang='grc' dir='ltr'>δέ</span> <span class='ocrx_word' id='word_1_219' title='bbox 608 3520 681 3568; x_wconf 77' lang='grc' dir='ltr'><strong><em>ἐστιν</em></strong></span> <span class='ocrx_word' id='word_1_220' title='bbox 702 3519 748 3568; x_wconf 74' lang='grc' dir='ltr'>ἐπὶ</span> <span class='ocrx_word' id='word_1_221' title='bbox 768 3521 897 3572; x_wconf 71' lang='grc' dir='ltr'><strong><em>κοινωνῶν</em></strong></span> <span class='ocrx_word' id='word_1_222' title='bbox 915 3526 983 3586; x_wconf 70' lang='grc' dir='ltr'>βίου</span> <span class='ocrx_word' id='word_1_223' title='bbox 999 3528 1105 3596; x_wconf 63' lang='lat' dir='ltr'>evolavi</span> 
     </span>
     <span class='ocr_line' id='line_1_28' title="bbox 233 3591 1105 3675; baseline 0.014 -27"><span class='ocrx_word' id='word_1_224' title='bbox 233 3591 305 3649; x_wconf 74' lang='grc' dir='ltr'><strong><em>εἶναι</em></strong></span> <span class='ocrx_word' id='word_1_225' title='bbox 323 3601 503 3671; x_wconf 72' lang='grc' dir='ltr'>αὐτάρκειαν,</span> <span class='ocrx_word' id='word_1_226' title='bbox 522 3601 675 3671; x_wconf 71' lang='grc' dir='ltr'>ἐλευθέρων</span> <span class='ocrx_word' id='word_1_227' title='bbox 690 3601 738 3650; x_wconf 72' lang='grc' dir='ltr'>καὶ</span> <span class='ocrx_word' id='word_1_228' title='bbox 752 3601 835 3664; x_wconf 72' lang='grc' dir='ltr'>ΙΙσων,</span> <span class='ocrx_word' id='word_1_229' title='bbox 852 3604 870 3669; x_wconf 77' lang='grc' dir='ltr'><strong><em>ἢ</em></strong></span> <span class='ocrx_word' id='word_1_230' title='bbox 886 3608 950 3655; x_wconf 82' lang='grc' dir='ltr'><strong><em>κατ’</em></strong></span> <span class='ocrx_word' id='word_1_231' title='bbox 963 3608 1105 3675; x_wconf 67' lang='grc' dir='ltr'><strong><em>ἀναλογίαν</em></strong></span> 
     </span>
     <span class='ocr_line' id='line_1_29' title="bbox 230 3680 1108 3760; baseline 0.014 -28"><span class='ocrx_word' id='word_1_232' title='bbox 230 3680 332 3760; x_wconf 36' lang='grc' dir='ltr'><strong><em>ἤματ’</em></strong></span> <span class='ocrx_word' id='word_1_233' title='bbox 355 3685 483 3755; x_wconf 77' lang='grc' dir='ltr'>ἀριθμόν.</span> <span class='ocrx_word' id='word_1_234' title='bbox 528 3686 707 3753; x_wconf 86' lang='lat' dir='ltr'>Plerumque,</span> <span class='ocrx_word' id='word_1_235' title='bbox 733 3684 885 3738; x_wconf 77' lang='lat' dir='ltr'>Aristotelia</span> <span class='ocrx_word' id='word_1_236' title='bbox 900 3690 1043 3743; x_wconf 78' lang='lat' dir='ltr'>sententias</span> <span class='ocrx_word' id='word_1_237' title='bbox 1057 3688 1108 3743; x_wconf 74' lang='lat' dir='ltr'>L·-</span> 
     </span>
    </p>
   </div>
   <div class='ocr_carea' id='block_1_7' title="bbox 172 3762 1107 3914">
    <p class='ocr_par' dir='ltr' id='par_1_7' title="bbox 172 3762 1107 3914">
     <span class='ocr_line' id='line_1_30' title="bbox 229 3762 1107 3837; baseline 0.016 -24"><span class='ocrx_word' id='word_1_238' title='bbox 229 3762 286 3815; x_wconf 83' lang='lat' dir='ltr'>tino</span> <span class='ocrx_word' id='word_1_239' title='bbox 303 3783 422 3819; x_wconf 86' lang='lat' dir='ltr'>sermone</span> <span class='ocrx_word' id='word_1_240' title='bbox 431 3768 587 3832; x_wconf 78' lang='lat' dir='ltr'>referentes,</span> <span class='ocrx_word' id='word_1_241' title='bbox 607 3767 717 3836; x_wconf 78' lang='lat' dir='ltr'>eleganti</span> <span class='ocrx_word' id='word_1_242' title='bbox 729 3768 1107 3837; x_wconf 68' lang='lat' dir='ltr'>uusmnmmtivnrum.</span> 
     </span>
     <span class='ocr_line' id='line_1_31' title="bbox 172 3844 594 3914; baseline 0.019 -20"><span class='ocrx_word' id='word_1_243' title='bbox 172 3844 594 3914; x_wconf 55' lang='lat' dir='ltr'>mmffimamu</span> 
     </span>
    </p>
   </div>
   <div class='ocr_carea' id='block_1_8' title="bbox 172 3929 763 4006">
    <p class='ocr_par' dir='ltr' id='par_1_8' title="bbox 172 3929 763 4006">
     <span class='ocr_line' id='line_1_32' title="bbox 172 3929 763 4006; baseline 0.015 -26"><span class='ocrx_word' id='word_1_244' title='bbox 172 3930 212 3999; x_wconf 82' lang='lat'>(3)</span> <span class='ocrx_word' id='word_1_245' title='bbox 233 3929 275 3984; x_wconf 77' lang='lat' dir='ltr'>Cf.</span> <span class='ocrx_word' id='word_1_246' title='bbox 293 3931 381 4001; x_wconf 82' lang='lat' dir='ltr'>Magn.</span> <span class='ocrx_word' id='word_1_247' title='bbox 399 3932 471 3988; x_wconf 82' lang='lat' dir='ltr'>Mor.</span> <span class='ocrx_word' id='word_1_248' title='bbox 492 3935 514 4006; x_wconf 91' lang='grc' dir='ltr'>Ι</span> <span class='ocrx_word' id='word_1_249' title='bbox 535 3936 578 3988; x_wconf 77' lang='lat'>34.</span> <span class='ocrx_word' id='word_1_250' title='bbox 598 3936 656 3989; x_wconf 83' lang='lat'><strong>166.</strong></span> <span class='ocrx_word' id='word_1_251' title='bbox 674 3936 708 3991; x_wconf 85' lang='lat' dir='ltr'>C·</span> <span class='ocrx_word' id='word_1_252' title='bbox 724 3936 763 3991; x_wconf 86' lang='lat' dir='ltr'>D.</span> 
     </span>
    </p>
   </div>
   <div class='ocr_carea' id='block_1_9' title="bbox 0 0 1264 4672">
    <p class='ocr_par' dir='ltr' id='par_1_9' title="bbox 0 0 1264 4672">
     <span class='ocr_line' id='line_1_33' title="bbox 0 0 1264 4672; baseline 0 2"><span class='ocrx_word' id='word_1_253' title='bbox 0 0 1264 4672; x_wconf 95' lang='lat' dir='ltr'> </span> 
     </span>
    </p>
   </div>
  </div>
 </body>
</html>
