2520 4672
683 326 748 391 266

225 541 347 630 nique,
384 538 445 628 qui
481 536 614 623 singulis
650 539 817 605 universae
852 538 982 606 virtutis
1015 540 1093 608 linis
1128 560 1192 628 est,

224 657 267 725 ud
298 682 369 725 eam
396 660 593 743 εὐδαιμονίαν
620 678 751 723 omnem
783 659 945 726 civitatem
966 658 1096 746 legibus
1121 686 1193 728 mr-

224 780 315 861 nire,
336 779 521 861 instituere,
553 777 703 863 dirigere.
748 778 817 843 Nisi
844 802 881 844 ee
907 777 1042 845 demum
1070 805 1089 845 a
1114 780 1191 870 pbi-

224 896 362 988 losopho
389 909 502 982 νόμιμα
533 898 801 980 aestimarentur,
839 922 923 990 quae
957 896 976 963 'c
1002 893 1121 965 Divina
1144 897 1194 964 illa

224 1018 359 1083 seientia
385 1018 541 1104 originem
571 1019 722 1099 trahent,
754 1041 854 1108 quam
882 1017 1023 1085 absurde
1052 1018 1195 1102 dixisset,

224 1138 381 1223 justitiam
420 1134 558 1222 generali
598 1154 767 1230 acceptam
808 1140 925 1220 sensu,
968 1138 1036 1229 quo
1080 1157 1196 1207 cuncta

224 1254 365 1341 legitima
399 1254 654 1348 complectatur,
690 1255 787 1347 plane
823 1254 960 1323 eandem
994 1281 1063 1324 esse
1099 1275 1197 1348 ¹atque

225 1377 397 1459 virtutem,
434 1375 559 1444 diversa
590 1375 824 1443 tantummodo·
854 1377 978 1442 ratione
1005 1372 1194 1444 considera·

226 1514 302 1562 tam.
346 1498 433 1564 Καθ’
461 1504 589 1582 ἑκάστην
615 1501 684 1582 γὰρ,
714 1497 848 1586 inquit,
883 1500 994 1583 ἀρετὴν
1012 1496 1197 1583 ’προστάττει

226 1621 301 1702 ζῇν,
324 1621 376 1682 καὶ
394 1606 477 1682 Ικαθ’
505 1623 634 1701 ἑκάστην.
658 1619 832 1704 μοχθηρίαν
859 1616 965 1686 zotto
987 1621 1007 1682 o‘
1027 1606 1120 1702 νόμας
1137 1616 1196 1705 (l)

225 1735 260 1803 si
296 1730 387 1821 αὸμρς
419 1733 614 1821 intelligitur
650 1736 687 1799 in
715 1737 843 1802 civitate
872 1735 1086 1816 constitutus,
1111 1733 1197 1826 quid

224 1853 340 1920 morali
363 1871 432 1920 erat
461 1853 634 1944 disciplina
661 1857 770 1945 opus?
816 1853 946 1920 Scilicet
970 1851 1079 1940 legem
1106 1876 1195 1920 nosse

223 1972 397 2043 suffecerit.
417 1947 474 2062 ᾖ
502 1975 619 2062 Itaque
650 1975 737 2059 justa
765 1971 901 2063 quidem
934 1996 1003 2037 non
1041 1973 1198 2063 separavit

223 2090 412 2163 Aristoteles
439 2119 458 2169 c
485 2093 630 2160 civitatee
664 2093 790 2159 etenim
810 2108 903 2158 extra
929 2091 1119 2158 societatem
1146 2092 1193 2157 ci-

222 2208 320 2279 vilem
346 2236 413 2282 non
445 2213 508 2280 vivi
534 2235 626 2303 posse
654 2214 896 2299 arbitrabatur3
930 2210 988 2278 sed
1022 2236 1059 2278 ea
1088 2230 1194 2279 temen

221 2331 415 2419 existimarit
441 2331 526 2416 sola,
557 2357 641 2422 quae
669 2357 746 2399 cum
776 2356 928 2424 suprema
953 2332 1080 2398 ratione
1115 2356 1194 2399 con-

222 2451 382 2534 sentirent
405 2449 466 2542 (2).
525 2450 598 2535 An,
634 2453 661 2518 si
698 2451 739 2518 ad
776 2452 840 2518 hoc
873 2452 947 2517 satis
975 2449 1197 2525 adtendissent

222 2573 437 2653 recentiores,
461 2572 538 2662 ipsis
566 2596 693 2639 necesse
721 2571 853 2653 fuisset,
876 2596 916 2636 ex
940 2568 1091 2636 inferiori
1113 2595 1194 2663 qua-

196 2688 301 2754 '·dem
336 2689 511 2773 divisione,
544 2716 643 2780 quem
671 2692 777 2758 obiter
803 2688 906 2756 solum
934 2691 1091 2756 subnotat
1117 2690 1194 2782 pbi-

189 2816 193 2903 J
218 2804 397 2897 Iosephus,
419 2807 608 2875 liberalioris
627 2811 748 2896 ingenii
769 2796 917 2909 repetere
939 2807 1091 2876 indicia?
1133 2806 1196 2877 Sed

221 2927 285 3018 ipsi
325 2927 486 2993 nobismet
527 2952 568 2994 ne
612 2946 849 2995 antevertamus
889 2952 1195 3020 praecurramusve,

168 3126 172 3135 Ι
223 3070 384 3136 suumque
412 3031 695 3113 ista⁴remittanius
725 3046 766 3114 ad
789 3046 929 3115 locum.¹

160 3196 163 3201 ·
266 3167 622 3258 iustitiae,‹.quatcnus
653 3183 789 3250 cuncta,
823 3191 909 3257 quae
943 3164 1072 3252 legibus
1099 3190 1196 3259 proe-

153 3334 159 3367 ,
194 3283 432 3368 scribuntur,
470 3283 724 3376 complectitur,
761 3285 957 3377 amplissime
991 3287 1088 3354 notio
1125 3306 1197 3373 est,

60 3452 65 3460 .
144 3400 154 3499 τ’
207 3400 360 3492 ,quando
389 3402 523 3493 quidem
554 3403 609 3470 illa
637 3407 678 3472 eb
707 3408 854 3474 universa
879 3408 1001 3477 virtute
1026 3430 1101 3475 non
1128 3407 1195 3475 dil·

149 3558 173 3575 ΙΙ

147 3582 171 3595 n„
234 3577 590 3595 ’.Ι-ῑ--ιι-ι-

255 3679 297 3748 (l)
319 3680 401 3731 Arist.
421 3679 528 3733 Nicom.
547 3679 584 3733 V.
603 3685 628 3733 5.
647 3683 690 3734 61.
710 3682 744 3733 Α.
946 3714 949 3721 -

254 3762 297 3832 (2)
316 3763 455 3821 Ἐαιεικὲς
477 3783 501 3817 e.
520 3784 543 3834 g·
571 3765 645 3834 quod
669 3767 771 3818 nuturd
788 3767 906 3833 justen-
919 3772 1001 3821 vocet
1017 3765 1104 3822 Rhoe.
1124 3766 1148 3821 l.
1165 3770 1205 3821 15.

316 3847 376 3896 543.
389 3846 425 3897 D.
434 3847 507 3899 idem
524 3855 581 3913 est,
601 3848 675 3916 quod
693 3849 749 3916 ipse
764 3848 898 3918 legislator
912 3851 1117 3919 praecepisset,
1136 3853 1158 3906 si
1175 3852 1207 3905 tle

315 3944 413 4063 pausa
429 3929 498 4065 iectu,
525 3950 578 4001 quu
597 3950 645 3984 usn
660 3933 768 4000 reniet,
788 3933 871 4003 legem
890 3934 1006 3988 tulisset.
1041 3936 1155 3993 Nicon·
1170 3935 1206 3993 Υ.

347 4141 367 4172 δ
