2520 4672
693 317 755 383 aaa
844 398 848 405 a

240 526 531 619 jurisprudentiam
573 528 754 616 quaestioni
796 526 939 617 perfecte
981 529 1203 620 respondetur.

241 644 342 737 Quod
379 672 416 713 ea
447 644 630 712 seeundum
665 645 871 715 Aristotelem
907 649 1045 738 propria
1074 652 1206 735 justitiae

240 783 317 832 nota
345 783 410 848 est,
445 764 535 855 quod
575 790 650 830 cum
677 767 825 833 universa
852 767 972 841 virtute
1000 765 1101 857 plane
1130 794 1207 835 con·-

240 885 350 966 venit‚
388 884 452 949 boc
488 902 639 974 excepto,
676 884 766 974 quod
803 891 875 971 πρὸς
910 887 1013 972 ἕτερον
1047 887 1207 967 consistit,

242 1002 340 1084 baec,
375 1003 447 1091 ipso
473 1001 603 1087 judice,
641 1019 738 1068 »tam
766 1021 860 1069 acuta
895 1021 1028 1095 tamque
1060 996 1233 1091 frugifera

239 1121 400 1187 sententia
426 1123 492 1203 est,
526 1139 564 1186 ut
584 1124 658 1186 satis
681 1121 835 1187 admirari
857 1147 925 1189 non
952 1126 1057 1215 possis
1084 1124 1210 1191 Aristo-

241 1239 357 1320 telem,
392 1242 483 1324 eujus
512 1257 613 1305 aetate
641 1264 737 1306 nemo
763 1265 828 1330 pro,
851 1241 1062 1307 historiarum
1087 1265 1209 1313 memo·

241 1360 290 1424 ria
314 1377 383 1425 tam
409 1376 621 1449 perspexerat
647 1382 756 1426 veram
782 1361 923 1459 justitiae
951 1378 1125 1440 naturam,
1153 1385 1210 1427 ou·

242 1481 295 1564 jus
319 1500 395 1544 vero
421 1493 497 1567 post
519 1476 686 1543 decessum
710 1480 835 1563 integra
859 1477 985 1545 saecula
1009 1497 1151 1571 propter
1171 1476 1211 1545 il·

241 1595 304 1661 lius
326 1613 421 1663 notae
447 1597 661 1680 ignorantiam
688 1598 867 1663 innumeris
895 1622 1052 1689 oppressa
1076 1599 1162 1665 vitiis
1182 1622 1212 1665 se

242 1717 379 1807 ipsamet
422 1714 644 1781 frustaverunt
684 1695 833 1807 plurimis
873 1741 987 1784 eorum
1028 1718 1211 1797 bonorum,

245 1859 328 1925 quae
353 1834 454 1898 vitam
486 1831 697 1923 tranquillam
724 1833 867 1903 reddant
893 1851 927 1900 et
951 1836 1101 1918 beatam,
1134 1858 1210 1926 quae

244 1978 347 2019 mores
374 1951 544 2018 emolliunt
568 1970 600 2018 et
623 1977 724 2038 genus
746 1954 928 2021 humanum
949 1952 990 2019 ad
1013 1978 1128 2022 veram
1147 1954 1209 2022 rir-

244 2091 350 2140 tutem
370 2090 405 2138 et
425 2046 583 2157 justitiam
605 2074 805 2138 instituunt''
828 2071 890 2163 (l).
927 2156 930 2162 1

287 2192 354 2257 Nos
381 2192 416 2255 in
443 2189 622 2274 judicando
649 2189 841 2257 celebratam
865 2189 955 2255 illam
977 2189 1211 2259 Aristoteliam

245 2310 501 2377 mediocritatem
536 2333 724 2376 conservare
751 2309 973 2392 studebimus,
1004 2333 1116 2399 neque
1142 2332 1210 2393 sane

243 2429 518 2522 pbilosophorum·
539 2427 693 2495 laudibus
717 2427 940 2511 detrabentes,
964 2453 1077 2518 neque
1092 2427 1212 2495 adden·

243 2568 291 2617 tes
325 2548 507 2615 immodice.
553 2549 656 2637 Saepe
692 2552 760 2634 jam
793 2547 932 2613 vidimus
965 2549 1001 2611 in
1034 2547 1098 2614 hac
1124 2548 1213 2615 etism

243 2671 375 2734 materia
401 2685 484 2757 quot
506 2669 666 2733 immerito
690 2668 853 2734 veteribus
878 2666 1073 2733 tribuantur
1100 2668 1212 2759 invon-

244 2804 296 2867 ta‚
328 2787 369 2851 ab
397 2789 542 2877 ipsorum
570 2805 677 2869 mente
706 2811 840 2878 prorsus
868 2785 984 2855 aliena.
1029 2788 1077 2853 Et
1109 2809 1241 2853 rursus·

242 2906 307 2972 hoo
328 2905 400 2972 loeo
421 2905 556 2991 grandia
577 2905 632 2971 illa
655 2907 794 2991 ingenue
818 2904 959 2972 latemur
983 2923 1134 2973 nostram
1158 2930 1211 2973 su·

242 3050 359 3118 parare
386 3026 498 3091 aciem.
551 3027 714 3091 Nimirum
748 3023 892 3091 instabili
926 3024 1060 3092 videtur
1094 3022 1214 3091 lunda·

242 3162 352 3212 mento
387 3147 491 3211 omnis
528 3146 589 3209 viri
625 3144 748 3210 laudati
780 3160 1004 3236 superstructa
1030 3142 1217 3237 disputatio·

243 3262 421 3331 Audiamus
458 3266 566 3354 ipsum
604 3262 664 3353 (2).
710 3281 727 3322 >t
737 3263 812 3329 Non
848 3254 1082 3329 dubitaturum
1109 3261 1215 3330 credi-

241 3407 313 3448 mus
341 3382 503 3472 aliquem,
536 3383 619 3473 quin
646 3408 685 3450 ex
713 3380 894 3450 Aristotelis
928 3384 1093 3449 sententia
1120 3382 1215 3469 justi·
1241 3464 1246 3473 .

241 3504 286 3568 tia
313 3501 501 3568 universalis
528 3527 590 3593 per
623 3527 655 3569 se
692 3501 788 3594 plane
817 3478 933 3568 eadem
959 3503 1003 3567 sit
1029 3526 1073 3569 ne
1099 3504 1215 3584 virtus,

242 3623 369 3712 quippe
399 3620 491 3711 quod
522 3623 591 3714 ipse
622 3624 705 3690 haee
737 3622 807 3727 duo¹
829 3647 895 3690 esse
923 3645 986 3714 pro
1013 3620 1137 3689 iisdem·
1162 3645 1215 3689 ao·

242 3815 603 3831 ---

274 3917 317 3985 (1)
336 3915 370 3968 t.
389 3936 413 3971 c.
431 3936 459 3986 p.
479 3922 513 3984 1,
532 3921 566 3985 t,
587 3922 628 3973 to.

276 4001 318 4071 (2)
339 4004 369 4052 r.
389 4004 430 4053 14.
450 4021 509 4073 sqq.
