2520 4672
594 320 674 403 294¹
773 350 778 360 ·

66 540 69 555 '
142 552 190 604 tat
218 534 260 600 de
294 537 379 620 justa
412 529 576 617 regiminis
611 528 715 596 forma
750 528 801 619 (l)
833 528 940 621 deque
967 530 1111 621 imperio

141 658 178 722 in
205 655 359 720 finitimos
382 650 522 744 populos
548 647 729 717 exercendo
752 648 820 740 (2),
851 649 908 716 sed
935 648 1111 736 singulares

142 796 289 865 quasque
311 772 395 840 vitae
418 768 517 837 civilis
539 769 678 834 rationes
700 766 854 858 disponit.
884 769 969 834 Hine
984 767 1111 834 domini

140 895 177 957 in
200 913 347 970 servum,
369 889 465 953 maris
489 888 525 951 in
546 885 736 969 foeminam,
761 888 904 977 parentis
919 888 954 951 in
967 885 1109 970 liberos,

115 1053 122 1070 .
140 1012 215 1097 jura
237 1006 425 1088 ducuntur,
449 1029 486 1072 eo
504 1009 644 1092 majora,
670 1029 737 1096 quo
756 1007 855 1090 magis
876 1007 994 1072 mentis
1007 1004 1111 1071 fune-

141 1127 229 1195 tione
257 1122 348 1215 quod
376 1125 514 1214 imperat
546 1122 703 1214 quodq-ue
730 1140 824 1214 paret
851 1148 869 1189 a
904 1146 937 1189 se
964 1122 1112 1190 invicem

142 1242 260 1312 distare
288 1260 480 1310 censeantur
509 1240 570 1332 (3).
615 1244 744 1333 Operae
766 1242 907 1333 pretium
935 1259 1018 1308 esset
1045 1240 1114 1309 hoe

140 1361 214 1428 loco
255 1358 383 1452 plenius
423 1357 605 1428 Aristotelis
639 1361 833 1427 sententiam
867 1377 1031 1451 exponere
1072 1359 1115 1427 de

96 1484 98 1488 ⁴
140 1479 314 1560 servitute,
350 1466 450 1568 quam
492 1477 568 1545 olim
607 1477 784 1545 indubitati
801 1538 805 1543 .
820 1481 900 1566 juris
940 1479 1112 1565 habitam,

142 1621 219 1664 eum
241 1620 301 1662 suo
317 1613 464 1685 tempore
481 1595 650 1680 nonnulli,
667 1598 825 1687 imprimis
839 1597 1031 1688 Sophistae,
1050 1622 1113 1666 ua·-

140 1715 302 1783 lidissimis
330 1716 524 1801 argumentis
554 1739 743 1806 oppugnare
767 1718 1007 1797 sustinuerant,
1030 1740 1113 1783 nos-

140 1850 191 1900 ter
222 1831 298 1898 data
338 1846 436 1924 opera
474 1859 513 1901 ex
555 1837 740 1926 principio,
779 1834 869 1925 quod
907 1832 1114 1902 laudavimus

141 1948 260 2032 modo,
291 1948 471 2018 defendere
507 1954 657 2020 instituit.
715 1951 781 2020 Sed
818 1978 894 2021 cum
930 1955 971 2020 ah
1014 1955 1113 2022 initio

139 2069 233 2135 nobis
260 2058 542 2160 proposuerimus,
579 2091 618 2139 ut
647 2070 850 2139 solummodo
883 2070 925 2137 ad
952 2096 1114 2139 summam

141 2186 225 2279 quid
254 2188 294 2253 de
322 2191 410 2294 justo
431 2188 618 2282 philosophi
641 2192 830 2274 statuerint,
844 2172 1110 2277 declamemus,

140 2324 175 2374 et
210 2304 355 2397 alioquin
382 2312 572 2394 ¹argumenti
615 2313 718 2377 nostri
745 2312 881 2378 vetuerit
909 2308 1112 2401 amplitudo,

141 2449 208 2516 quo
244 2427 351 2492 minus
379 2430 415 2493 in
447 2431 554 2519 specie
581 2427 656 2496 talia
684 2452 976 2521 prosequeremur,
1012 2433 1114 2517 satius

139 2542 271 2614 ridetur
294 2544 357 2612 liae
385 2547 477 2615 nobis
511 2549 548 2613 in
575 2573 611 2615 re
640 2554 787 2620 eonstare
809 2567 847 2618 -et
872 2546 922 2616 illi
947 2547 1111 2642 disquisi-

141 2663 223 2731 tioni
248 2664 398 2730 inhibere
424 2666 566 2732 manum.

171 2906 1124 2979 ummmmummnmmuuwuffw

232 2991 300 3058 Cap.
315 2993 394 3044 tertio
410 3000 437 3045 et
453 2995 556 3046 decimo
577 2995 605 3045 d.
621 2995 641 3045 l.
661 3002 754 3048 auctor
769 3002 860 3047 notam
877 2995 953 3047 illem
969 2994 1004 3047 de
1019 2990 1120 3061 Ostra-⁸

233 3074 313 3125 cismo
333 3076 487 3127 sententiam
506 3076 661 3129 declaravit.

174 3156 632 3224 (mmwnmuu

174 3239 794 3306 mmmsmfflummu‚
