2520 4672
590 315 652 382 203

137 525 389 624 improbabilem
408 522 575 619 profectos
599 526 626 591 si
647 547 724 592 vero
745 541 897 616 putares,
919 524 1005 595 hauc
1026 549 1107 618 pro·

135 651 247 743 priam
268 672 334 717 esse
357 671 396 715 ao
413 659 667 713 consummatam
684 641 825 711 Platonis
843 644 1002 727 ethicam,
1025 644 1110 729 hauc

134 769 253 839 eximie
289 766 474 833 doctrinam
507 780 594 847 esse,
633 763 700 853 qui
736 764 776 830 ab
807 764 1045 853 antiquioribus
1071 788 1109 831 ac

135 887 375 955 recentioribus
399 882 601 975 philosophis
624 881 872 967 distinguendus
892 884 949 966 sit,
971 884 1007 948 in
1030 907 1108 968 gra·-

135 981 232 1088 rem,
261 1005 297 1071 ni
322 1001 437 1086 sallor,
470 1000 631 1069 incideres
657 1025 810 1069 errorem.
855 1002 1029 1068 Enimvero
1054 1003 1109 1071 vi-

135 1122 289 1193 dendum
317 1138 386 1204 est,
425 1144 492 1212 quo
523 1117 657 1187 consilio
682 1117 738 1185 illa
754 1119 930 1211 ‘disputata
955 1122 1039 1205 sint,
1071 1139 1108 1189 ut

133 1246 265 1331 justum
289 1243 327 1307 iis
354 1241 509 1332 pretinm.
526 1255 695 1306 statuatur.

183 1359 446 1451 Thrasymachus
472 1360 629 1444 justitiam
656 1357 806 1442 adortus,
837 1382 937 1449 qaam
962 1358 1107 1433 Socrates
1142 1387 1146 1393 ·
1207 1445 1213 1465 x

135 1479 355 1551 collocaverat
385 1479 423 1547 in
452 1477 657 1546 observ-nsit
687 1475 793 1563 legtun
824 1475 895 1566 (l),
927 1501 998 1543 eam
1023 1476 1116 1545 nihil.

132 1623 207 1669 esse
239 1594 470 1680 contenderat,
503 1597 566 1662 nisi
596 1605 648 1663 τοῦ
678 1599 847 1682 κρείττονος
871 1597 1041 1683 συμφέρον,
1063 1596 1106 1682 id

134 1716 233 1809 qnod
261 1714 418 1783 conducit
443 1716 630 1807 potentiori.
675 1715 718 1780 Hi
743 1717 831 1781 enim
857 1712 940 1799 leges
967 1713 1104 1782 serentes

134 1859 232 1905 suam
267 1852 380 1926 aperte
407 1851 557 1926 spectant
590 1832 780 1918 utilitatem,
816 1834 862 1900 ita
890 1850 928 1899 ut
961 1835 1105 1921 justitia,

133 1979 224 2047 quae
250 1952 374 2039 legibus
400 1955 469 2045 istis
496 1976 621 2020 rnorem
647 1954 746 2039 gerit,
778 1954 935 2040 ἀλλότριον
964 1958 1105 2036 ἀγαθὸν,

133 2077 236 2142 οἰκεία
265 2028 361 2142 vero.
373 2073 474 2162 βλάβη
503 2070 655 2138 habenda
684 2072 726 2138 sit
758 2072 819 2161 (2)
863 2073 938 2138 Post
967 2073 1105 2162 provin·

136 2195 223 2261 ciam
248 2190 337 2256 hanc
364 2214 432 2257 non
458 2187 636 2256 admodum
665 2206 794 2256 strenue
825 2187 1007 2272 defensam,
1041 2191 1105 2257 So-

137 2327 244 2379 crates
276 2309 395 2375 iterum
427 2306 655 2400 interpellatur
691 2334 710 2374 a
746 2307 912 2376 Glaucone
948 2329 982 2378 et
1015 2309 1104 2377 Adi-

137 2445 252 2498 manto
287 2425 463 2512 nauibus,
506 2431 566 2519 qui
605 2453 673 2496 non
712 2428 905 2497 inficiantur
944 2429 1110 2516 vulgarem

138 2545 228 2614 illam
263 2547 330 2613 suis
361 2547 563 2638 temporibus
598 2548 775 2614 orationem
807 2546 850 2613 de
880 2549 1022 2634 justitiae
1048 2551 1105 2614 in-

144 2663 317 2734 commodis
353 2667 415 2732 sibi
449 2690 517 2733 esse
553 2664 798 2757 permolestam,
841 2668 967 2758 qnippe
1008 2692 1109 2759 quam
1137 2667 1140 2673 ’

145 2804 207 2852 uon
241 2784 319 2851 satis
346 2809 479 2870 arguere
511 2809 604 2877 posse
636 2788 698 2852 sibi
732 2786 905 2853 videantur
931 2805 964 2854 et
990 2806 1109 2878 petunt

146 2902 183 2967 ab
210 2905 300 2996 ipso,
336 2921 375 2969 ut
400 2886 522 2994 probet
547 2907 670 2989 justum
696 2905 880 2990 hominem,
917 2908 1041 2972 etiamsi
1068 2908 1110 2972 ab

146 3024 289 3089 omnihus
323 3023 464 3108 injustus
499 3021 674 3107 habeatur,
705 3022 883 3091 feliciorem
909 3049 984 3115 esse.
997 3027 1106 3110 injus-

143 3154 180 3204 to
207 3139 357 3223 humine,
391 3142 451 3230 qni
484 3140 575 3232 apud
610 3166 720 3208 omnes
756 3142 950 3233 perhibetur
982 3145 1106 3228 justust

139 3255 250 3344 brevi,
282 3262 397 3350 utique
423 3263 580 3346 justitiam
606 3279 742 3353 propter
769 3263 932 3353 seipsam
959 3288 1024 3330 esse
1048 3289 1108 3330 ex-

134 3368 307 3444 colendam
325 3377 386 3467 (3).
425 3375 500 3444 'lam
524 3379 670 3445 Socrates
693 3382 811 3471 incipit
831 3381 1005 3448 studiosius
1025 3406 1107 3472 pro-

125 3487 266 3575 pulsare
288 3495 514 3587 Sophistarum
535 3501 784 3583 aggressionem,
808 3498 971 3590 docetque
995 3523 1107 3564 eorum
1156 3591 1159 3596 Ι

123 3608 205 3693 Ψῑῖ
220 3615 418 3707 imperarent
439 3613 529 3682 illam
548 3615 739 3702 utilitatem,
762 3639 941 3708 eorumque
964 3619 1021 3708 qui
1041 3641 1105 3706 pa·

126 3742 505 3777 Μ...-

149 3816 217 3892 (1)
235 3806 304 3899 aaa
318 3830 342 3884 1.
360 3833 422 3884 333.
440 3832 472 3885 a.

143 3896 209 3973 (2)
232 3909 294 3981 usp.
313 3912 338 3965 1.
356 3915 416 3966 333.
435 3912 468 3965 c.
487 3931 554 3982 sqq„
572 3915 632 3966 aas.
652 3913 681 3965 Β.
701 3911 734 3963 c,

142 3977 207 4055 (3)
232 3991 294 4068 asp.
313 3994 353 4047 11.
373 3997 434 4048 ast.
454 3995 484 4048 a.
504 3994 564 4048 ssa.
584 3994 615 4047 a.
634 3995 671 4046 n.
691 3992 808 4047 3331).
827 3993 887 4046 aas.
909 3991 942 4044 t.
962 3999 1032 4044 eoa·
