2520 4672
573 341 612 404 09

109 565 187 638 pote
224 547 265 612 ad
302 547 552 637 philosophiam
580 571 647 613 non
675 549 849 638 ,pertinens
887 548 945 637 (1).
1004 549 1072 616 Nec
1145 601 1168 616 ι.

106 666 227 730 mii-um
250 663 416 756 profecto:
440 666 628 731 accuratius.
644 666 730 735 eriim
753 665 905 752 indagare
928 692 964 733 ac
986 693 1068 758 pro·

104 784 193 849 bare'
220 797 274 867 ea,
320 808 403 875 quae
444 783 646 850 indubitatae
676 787 841 853 veritatis·
864 786 1071 851 habebantur

110 904 234 985 ubivis,
266 904 417 969 neminis·
432 903 658 986 cogitationem
669 904 794 997 pubire'
815 919 950 994 poterat.
1005 906 1074 968 Or-

112 1037 162 1086 tus
175 1020 312 1099 mundi,
336 1045 446 1087 rerum
468 1023 651 1111 principia,
669 1019 839 1090 stellarum
854 1045 985 1104 cursus,
1009 1021 1072 1086 ob-

113 1142 203 1224 jecta
230 1139 440 1210 meditatione
468 1138 615 1224 digniora
642 1151 753 1208 erant:
788 1139 830 1206 de
866 1140 985 1231 quibus
1013 1164 1071 1205 ve·

111 1259 240 1322 ritatem
270 1259 464 1343 conjecturis
503 1261 629 1348 assequi
657 1268 712 1325 aut
747 1245 959 1350 probabiliter
987 1277 1072 1325 certe

111 1375 279 1466 disputare
318 1382 470 1464 magnum
506 1378 747 1444 aestimabatur:
790 1394 964 1467 praecepta
1000 1401 1075 1443 vero

112 1519 242 1561 morum
268 1494 596 1562 commonefaciebant
624 1498 730 1586 potius
763 1521 863 1584 quam
893 1494 1070 1563 docebant:

110 1615 147 1678 in
169 1614 220 1678 his
247 1614 412 1704 antiquior
433 1616 576 1681 Poetices
604 1639 739 1704 scopus,
762 1615 798 1677 in
824 1612 886 1678 illis
913 1617 1073 1680 recentius

113 1734 288 1824 sapientiae
316 1731 447 1821 (σοφίας)
475 1756 604 1796 munus·
622 1733 892 1822 conspiciebatur.
939 1733 1074 1820 Quoties

111 1852 212 1934 igitur
238 1826 377 1936 justitiae
393 1852 599 1923 ‚mentionem
626 1849 790 1935 facerent,
818 1851 971 1919 brevibus
995 1876 1073 1917 sen-

113 1970 222 2035 tentiis
250 1972 337 2040 eam(
357 1991 464 2059 quam*
486 1969 741 2053 argumentando
776 1971 875 2054 magis
908 1952 1074 2038 commen-

114 2086 238 2153 dabant
260 2087 319 2178 (2).
338 2066 468 2152 ..Unius
492 2105 606 2152 tamen·
627 2091 762 2178 ejusque
784 2090 938 2177 postremi
959 2114 999 2155 ex
1017 2091 1076 2156 Jo-

111 2209 264 2272 nicorum
294 2204 633 2300 Scholapphilosop'hi
661 2206 776 2309 dogma
798 2205 953 2287 refertur,
986 2207 1077 2296 quod

111 2328 180 2391 sine
209 2323 275 2389 ulla
308 2323 527 2415 qualicunque
555 2321 778 2414 philosophiae
806 2322 932 2389 moralis
964 2326 1078 2390 notitia

112 2465 233 2512 temere
259 2462 462 2534 tconeeptum
489 2467 554 2510 esse
583 2444 688 2507 minus
716 2460 804 2508 recte
832 2459 969 2508 statuas:
1005 2444 1074 2508 Ar·
1126 2456 1129 2461 “

115 2563 235 2631 chelai'
258 2588 392 2652 nempe,
418 2564 489 2653 ,qui
518 2561 683 2652 Sophistas
711 2561 880 2652 praeivisse
917 2560 1075 2651 perhibe·
1122 2608 1124 2612 ,
1207 2560 1209 2565 ’

113 2702 169 2750 tur
200 2680 372 2757 statuendo
409 2688 442 2747 τὸ
480 2685 598 2749 δίκαιον
635 2676 712 2748 εἶναι
749 2685 799 2746 καὶ
830 2686 864 2745 τὸ
891 2685 1011 2766 αἰσχρὸν
1042 2684 1076 2745 od

112 2811 220 2887 odota,
242 2802 321 2867 <ittet
343 2806 424 2884 ὡόμῳ
443 2798 501 2889 (3).
546 2801 696 2884 Diogenis
719 2800 841 2864 Laertii
867 2818 972 2865 tamen
992 2798 1077 2874 hauc
1124 2808 1128 2816 “

109 2921 302 3012 opinionem
324 2916 492 2985 referentis
519 2905 727 2984 schementer
754 2918 790 2982 in
818 2918 956 3013 dubium
982 2941 1075 2983 revo-

111 3057 187 3108 cata
213 3056 261 3104 est
287 3039 470 3105 auctoritas.
499 3039 629 3127 ,Neque
658 3039 833 3118 immerito,
871 3054 908 3100 ut
936 3034 1075 3101 videtur.

110 3159 272 3248 Quamvis
299 3160 387 3223 enim
407 3156 586 3223 Archelaus
610 3154 762 3222 moralem
783 3152 994 3244 disciplinam
1009 3179 1078 3220 nou

110 3275 288 3363 neglexisse
316 3255 464 3342 videatur
487 3273 554 3365 (1),
586 3273 703 3340 nullibi
731 3293 838 3340 tamen
851 3299 993 3354 novum·
1019 3277 1074 3363 ip-

108 3445 470 3464 Μ

146 3519 188 3588 (1)
210 3516 285 3569 Sext.
305 3515 406 3583 Empir.
427 3517 486 3568 adv·
506 3513 632 3566 Martem.
647 3513 720 3566 *vlt
742 3517 774 3578 1,
794 3518 818 3565 5.

146 3601 189 3670 (2)
210 3599 253 3650 Cf.
273 3598 393 3650 Clemens
413 3599 543 3650 Alexand.
563 3597 662 3650 Strom.
682 3597 717 3650 V.
736 3618 763 3666 p.
783 3600 842 3649 704.

144 3685 188 3753 (3)
208 3683 289 3750 Diog.
308 3681 400 3732 Laert.
420 3680 460 3732 11.
480 3683 522 3732 16.

144 3768 188 3838 (h)
210 3765 284 3819 Sext.
312 3764 415 3834 Empir.
447 3765 508 3818 adv.
539 3762 627 3816 thath.
653 3762 721 3815 Vll.
749 3765 789 3812 14.
834 3759 984 3829 Ἀρχέλαος
1010 3762 1041 3812 δὲ
1068 3760 1082 3809 ὁ

200 3850 354 3916 Ἀθηναῖος
377 3851 409 3899 τὸ
442 3850 551 3908 φυσικὸν
578 3850 625 3899 καὶ
647 3849 751 3912 ’ἠθικὸν
785 3845 973 3913 (narpoleos).
1000 3845 1081 3914 Diog-

206 3931 298 3984 Latrt.
319 3934 337 3983 1.
355 3950 379 3986 c.
397 3932 467 3995 ἔοικε
488 3933 519 3984 δὲ
539 3933 585 3984 καὶ
604 3931 680 3989 οὗτος
700 3932 826 3992 ἅψασθαι
844 3933 892 3994 τῆς
908 3931 1015 3995 ἠθικῆς·
1036 3931 1085 3979 καὶ

1032 4028 1082 4077 7⁰9
