2520 4672
601 340 642 401 66

144 551 207 618 sibi
243 551 304 641 ipsi
340 547 480 614 debeant
519 545 684 633 cogitandi
717 547 826 629 initia,
863 547 957 615 brevi
993 548 1112 637 ingenii

143 669 279 735 humani
312 667 488 753 attigerunt
522 665 614 732 fines.
663 665 783 759 Causas
809 688 996 750 recensere,
1032 669 1110 759 qui-

112 813 113 816 *
142 788 205 852 hus
232 786 384 853 effectum
404 802 472 868 est,
495 802 533 851 ut
560 809 638 876 prae
657 782 796 874 ,reliquis
820 785 1024 875 antiquitatis
1047 810 1111 877 po·

107 895 110 900 ’
144 904 232 996 pulis
263 903 342 971 adeo
377 901 588 994 excelluerint
620 903 763 986 Graeci,
800 899 933 987 longum
968 879 1038 970 esta
1076 901 1117 970 ad

115 1099 117 1101 ,
144 1024 329 1092 libertatem
364 1022 431 1090 fere
466 1021 620 1089 redeunt.
667 1023 788 1087 Parum
814 1018 920 1103 solent
946 1023 1118 1112 tyrannica

143 1120 281 1236 imperia
321 1139 489 1208 abundare
523 1139 747 1232 philosophist
779 1163 894 1248 verum
927 1141 987 1206 ubi
1021 1142 1117 1228 inge-

143 1265 247 1328 nium
262 1262 403 1328 libcrum
429 1259 628 1350 relinquitur
652 1246 694 1325 ac
711 1248 880 1330 ¹sentiunt
894 1257 1016 1346 singuli
1051 1259 1116 1327 ho·

142 1383 245 1446 mines
281 1403 314 1445 se
342 1395 450 1468 partes
486 1378 632 1462 efficere,
672 1379 792 1469 quibus
831 1380 1017 1467 conjunctis
1055 1396 1119 1448 stat

143 1502 215 1591 ipsa
242 1499 351 1566 civitas
379 1514 478 1588 atque
507 1498 590 1581 agit,
629 1514 713 1563 artes
752 1513 784 1562 et
819 1486 971 1564 scientiae
998 1478 1119 1567 florere

118 1617 256 1686 ¹solent.
301 1617 387 1683 Huic
414 1614 558 1681 libertati
586 1615 705 1682 Graeci
732 1603 848 1681 merito
870 1638 1001 1682 omnem
1024 1622 1117 1684 suam

145 1739 280 1826 gloriam
305 1754 474 1827 acceptam
500 1733 707 1817 referebant,
743 1734 832 1801 hane
867 1734 946 1800 inde
982 1736 1025 1802 ab
1058 1738 1114 1802 in-

145 1854 315 1925 cunabulis
338 1855 447 1922 edocti
469 1851 569 1920 solam
592 1853 720 1920 homini
742 1851 924 1921 naturalem
950 1876 1019 1922 esse
1041 1856 1117 1951 opi-

141 1976 317 2041 nabantur.
369 1975 417 2040 Dc
445 1973 596 2039 omnihus
624 1974 743 2041 Graeci
770 1971 996 2066 philosophati
1017 1993 1114 2060 sunt,

80 2091 86 2110 '
143 2119 227 2186 quae
250 2093 292 2160 ad
319 2117 451 2175 verum,
483 2094 609 2159 honum
633 2109 677 2158 ·et
703 2091 860 2182 pulcrum
889 2089 1006 2159 referri
1034 2117 1115 2186 pos-

141 2231 237 2298 sunt,
261 2236 368 2303 neque
394 2211 552 2297 justitiam
573 2209 782 2301 reliquerunt
805 2195 971 2280 intactam.
1020 2213 1116 2303 Quid

141 2355 216 2419 ergo
251 2331 292 2397 ad
329 2331 428 2416 hujus
451 2332 616 2397 notionem
643 2328 882 2397 emendandam
903 2324 1117 2425 philosophi,
1155 2334 1158 2339 ’

74 2443 80 2455 ’
141 2452 261 2520 Graeci
286 2450 496 2541 pracsertim,
526 2441 745 2534 contulerint,
774 2453 840 2538 jam
862 2447 1027 2541 explicare
1054 2470 1117 2520 co-

140 2572 304 2636 nabimur.
746 2557 749 2564 ’
876 2562 879 2566 “

166 2689 239 2756 -Ab
263 2688 302 2751 iis
326 2686 431 2775 poetis
458 2686 588 2751 initium
614 2684 735 2754 ducere
762 2688 942 2778 possimus,
967 2690 1029 2780 qul
1049 2710 1117 2757 an·

141 2805 323 2898 tiquissimo
364 2821 509 2895 tempore
552 2805 644 2896 quasi
684 2804 959 2899 philosophorum
999 2828 1117 2902 partes
1155 2888 1161 2901 ,

140 2925 240 3013 egisse
275 2921 429 2992 censendi
471 2940 558 2989 sunt.
616 2925 781 3016 Imprimis
822 2925 982 2994 Hesiodus
1010 2951 1119 3021 supra

139 3044 286 3130 vulgares
321 3043 490 3134 opiniones
521 3043 689 3129 ingenium
723 3045 838 3113 efferre
865 3045 977 3116 valuit.
1024 3049 1117 3118 Poc-

140 3186 218 3230 nam
238 3163 390 3230 Divinam
416 3163 457 3228 ab
479 3186 519 3229 eo
542 3162 611 3230 solo
637 3165 911 3233 extimescendam
936 3185 1005 3235 esse
1027 3188 1118 3260 pro·

140 3281 289 3363 nuntiat,
314 3281 373 3369 qui
398 3283 477 3350 ἑκὼν
502 3281 623 3368 injuste
652 3302 723 3370 agat
746 3285 806 3376 (l).
852 3288 1050 3356 Occurrunt
1083 3291 1122 3357 in

140 3402 243 3492 ipsius
266 3399 408 3466 carmine
435 3400 551 3467 morali
575 3401 679 3469 multa
706 3404 913 3491 hujusmodi,
935 3428 1002 3498 pro
1024 3426 1117 3479 tcm-

139 3544 241 3611 pore,
280 3542 347 3609 quo
383 3518 481 3602 vixit,
519 3523 643 3608 egregie
679 3523 812 3616 scripta.
869 3525 989 3594 Poitac
1016 3529 1121 3607 etiam

139 3636 312 3720 Gnomici‚
336 3637 568 3723 Mimnermus,
592 3641 800 3733 Phocylides,
827 3643 1018 3732 Theognis,
1047 3647 1117 3716 So·

140 3755 198 3823 lon
226 3755 346 3846 aliique
373 3755 548 3847 praeclaris
571 3777 605 3825 et
640 3784 714 3832 vere
745 3761 952 3857 philosophis
974 3783 1118 3837 senten-

136 3926 496 3949 *ιι-ι’*

174 4014 214 4083 (l)
235 4014 343 4070 Herod»
362 4016 416 4086 Op.
435 4025 461 4072 ct
479 4016 516 4071 Ι).
536 4036 575 4080 vs.
593 4018 654 4072 258.
1111 4022 1129 4051 ⁸
