2520 4672
672 319 709 384 12

206 529 393 618 crepantia,
423 543 460 591 ut
490 527 540 593 lris
562 529 765 618 exponendis
796 506 906 595 'totum
937 528 1059 596 librum
1087 555 1172 598 conr·

204 671 330 712 sumere
364 647 541 736 possimus3
575 665 723 714 veterum
744 664 852 714 autem
879 651 1058 740 praecipua
1088 638 1202 741 pas-⁸

203 766 264 831 sim
291 766 448 851 attingere
470 768 651 852 argumenti
677 769 781 833 nostri
802 767 885 833 ratio
911 769 1057 857 jubebit·,
1078 767 1175 858 <quid

161 909 163 912 ⁴
202 884 351 952 universe
363 884 586 969 gravissimum
598 908 713 956 eorum
721 887 909 956 vitiumesse
920 884 1171 970 solet,.monui-·

202 1023 293 1086 mus,
319 1002 373 1069 cui
386 1001 583 1070 affine‘aliud
596 1021 666 1086 est,
684 1005 922 1072 recentioribus
936 1003 1007 1085 fere
1017 1028 1170 1071 commu-

202 1143 245 1186 ne
254 1127 275 1203 ‚¹
289 1118 397 1210 quod,
422 1119 505 1210 quid
526 1122 670 1212 primum
693 1125 817 1208 justum
838 1122 989 1188 habitum
1002 1124 1062 1206 sit,
1085 1122 1172 1193 dum

200 1240 368 1330 inquirere
394 1239 902 1339 velint,respondear1t‚vulgo‚
928 1231 1062 1331 quando
1089 1240 1175 1325 boc,

178 1357 294 1448 ..quod
333 1383 391 1426 nos
431 1362 559 1445 justum·
591 1346 752 1430 ¹babemus
767 1400 797 1442 ‚·
824 1361 969 1449 primum
1007 1336 1176 1435 observari

200 1479 356 1568 coeperit.
411 1477 447 1545 Si
473 1479 564 1569 pacti
591 1479 733 1568 speciem
759 1476 892 1561 vident,
929 1479 1070 1564 justitiae
1103 1479 1174 1546 vim

199 1621 372 1684 agnoscere
407 1599 470 1665 sibi
505 1596 679 1684 ridentur3
722 1596 781 1662 nbi
816 1614 957 1688 potestas
994 1613 1174 1688 parentum

200 1714 326 1801 elucet,
360 1715 402 1782 ad
437 1718 490 1802 jus
526 1713 672 1783 naturale
705 1733 902 1807 provocant:
942 1740 1009 1805 quo
1038 1715 1122 1780 nihil
1153 1742 1173 1782 a

201 1835 389 1926 quaestione
417 1849 527 1900 nostra
553 1835 651 1919 magis
679 1833 820 1900 alienum
841 1851 902 1900 est.
941 1813 1054 1900 Multa
1081 1835 1175 1900 enim

200 1943 378 2046 antiquitus
412 1952 571 2033 fecerunt
587 1953 735 2019 homines
763 1954 886 2042 absque
921 1952 1065 2043 impulsu
1093 1975 1173 2021 mo—

199 2074 276 2158 rali,
308 2075 369 2165 qui
400 2055 446 2138 ‘ad
474 2071 591 2138 similia
617 2096 677 2138 nos
705 2069 824 2138 ducere
855 2069 954 2155 solet,
986 2089 1019 2138 et
1045 2073 1087 2138 ab
1115 2071 1171 2137 al-

200 2211 269 2261 tera
292 2208 406 2283 parte,
436 2189 528 2281 quod
550 2206 676 2256 rectum
702 2187 875 2256 videbatur
902 2190 939 2254 iis
967 2186 1175 2280 {emporibus
1227 2228 1230 2233 ·

199 2311 242 2378 ad
282 2309 385 2378 multa
420 2310 585 2393 incitavit,
622 2332 707 2398 quae
749 2334 767 2373 a
807 2331 895 2373 more
937 2325 1049 2374 nostro
1089 2327 1174 2376 sunt

175 2427 292 2516 'longe
328 2428 443 2495 aliena.
503 2428 597 2494 Ratio
636 2428 735 2512 igitur
766 2425 920 2492 habenda
964 2445 1014 2493 est
1048 2450 1173 2518 parum

168 2563 171 2567 ’
197 2547 360 2617 rationalis
380 2549 564 2640 primorum
582 2546 754 2612 bominum
773 2545 990 2629 conditionis,
1013 2546 1058 2629 si,
1083 2547 1200 2645 quid·

196 2670 262 2760 ipsi
283 2668 428 2758 primum
449 2670 573 2752 justum
602 2665 797 2748 habuerint,
821 2665 989 2754 inquirere
1015 2663 1168 2738 velimus.

176 2764 292 2875 ¹Quid
313 2785 406 2851 nobis
428 2782 580 2869 videtur,
603 2782 854 2875 jamex'plicare
876 2785 1078 2853 conabimur.

629 3011 666 3123 s.
698 3020 739 3096 4.

241 3259 404 3329 Omnibus
431 3255 623 3322 animalibus
651 3255 748 3321 simul
783 3281 857 3324 cum
883 3256 1030 3323 sensibus
1065 3257 1170 3326 inna-

181 3398 268 3447 tum
294 3395 343 3446 cst
374 3375 520 3443 studium
547 3374 728 3467 appetendi
752 3375 894 3460 bonum,
916 3374 1064 3461 fugiendi
1090 3400 1169 3445 ma-
1239 3388 1242 3394 '

170 3497 282 3566 lum:
320 3500 387 3583 jam
426 3496 597 3580 homines,
635 3497 693 3562 ubi
733 3495 882 3561 nondum
923 3497 1172 3586 suspicarentur

195 3642 262 3684 esse
289 3642 329 3684 ex
355 3633 472 3682 natura
504 3617 553 3681 rei
583 3613 726 3706 aliquam
757 3616 861 3680 inter·
878 3639 911 3682 se
938 3597 1078 3682 invicem
1106 3642 1168 3684 re-

196 3726 368 3818 lationem)
401 3732 492 3824 quod
512 3752 602 3820 *grate
625 3758 657 3801 se
680 3734 839 3817 afficeret,
871 3759 1081 3825 quacumque
1106 3755 1166 3802 ra-

182 3853 284 3947 ¹tione
316 3872 468 3946 appetere
496 3854 716 3936 conabantur,
750 3876 816 3917 non
846 3871 1015 3935 curantes,
1050 3865 1168 3922 utrum

193 3973 243 4040 sic
282 3975 406 4058 ingrata
441 3973 516 4040 alios
554 3974 733 4058 afficerent,
768 3997 828 4040 nec
860 3997 921 4039 ne:
946 3973 972 4040 si
999 3974 1059 4063 qui
1087 3997 1169 4042 vero
