2520 4672
219 1532 369 1676 Quibus
395 1593 552 1679 Diogenes
579 1591 801 1684 Apolloniates
831 1593 930 1663 libros
958 1584 1114 1688 perhibe*

144 1728 202 1782 tur
229 1713 271 1781 de
299 1715 421 1781 Rerum
447 1713 573 1779 Natura
600 1736 731 1779 exorsus
760 1721 895 1796 »Λόγου
919 1722 1034 1794 παντὸς
1051 1721 1119 1805 ἀρ.

140 1842 275 1925 ’χύμενον
303 1837 388 1902 δοκεῖ
404 1861 456 1918 μοι
478 1833 572 1922 χρεὼν
596 1828 751 1916 εἶναιτὴν
774 1836 870 1921 ἀρχὴν
891 1837 1122 1925 ἀναμφισβήπηι

142 1981 201 2023 τον
225 1955 411 2042 παρέχεσθαι
434 1951 526 2043 (1),”
557 1950 671 2020 iisdem
694 1954 723 2018 si
745 1953 808 2018 sibi
830 1956 1009 2044 praescribi
1035 1979 1118 2022 nor-

140 2097 233 2139 mam
259 2073 344 2164 p'assi
365 2088 470 2138 essent
485 2067 703 2162 philosophi,
727 2096 792 2163 qua
815 2071 993 2142 innovandi
1014 2072 1119 2140 auda*
1169 2130 1173 2136 .
1238 2116 1240 2122 ·

138 2195 232 2260 eiam
268 2209 508 2283 temperarent,
553 2215 621 2257 non
658 2209 706 2259 tot
742 2190 890 2283 profesto
923 2190 1123 2283 prodiissent
1185 2224 1202 2253 s

142 2312 349 2404 systemata,¹
374 2309 467 2378 nullo
496 2311 558 2377 nisi
585 2297 724 2378 auctoris
747 2313 879 2378 nomine
903 2311 1116 2380 commenda-

141 2451 202 2517 ta,
233 2455 453 2524 paucorumve
484 2429 645 2528 illustrata
675 2429 834 2526 suffragiis
862 2428 1123 2522 discipulorum,

138 2555 208 2643 'qui
234 2554 271 2619 in
298 2551 396 2620 verba
423 2551 565 2637 magistri
595 2553 705 2638 jurare
732 2568 977 2620 consueverant.
1023 2551 1126 2642 Quod

138 2695 226 2739 eum
261 2667 303 2736 de
339 2669 492 2736 universo
527 2665 614 2737 valet
648 2667 832 2736 studiorum
866 2671 1126 2763 cognitionisque

140 2792 312 2858 humanae
335 2790 480 2872 ambitu,
504 2806 575 2857 tum
596 2790 733 2856 maxime
755 2788 828 2856 satis
844 2791 1124 2883 jurisprudentiae

146 2911 404 3001 comprobatur:
438 2933 540 3000 quae,
574 2927 735 3002 quatenus
764 2909 877 2994 aliam,
911 2936 1013 3003 quam
1040 2934 1126 3005 quae

124 3031 322 3109 ‚hominum
357 3027 517 3097 voluntati
557 3026 733 3112 debeatur,
768 3030 929 3116 justitiam
955 3033 1127 3124 praecepit

136 3147 342 3232 molendam,
364 3149 466 3238 ipsius
488 3173 661 3240 nunquam
683 3147 763 3217 adeo
782 3148 918 3218 absolvit
937 3151 1125 3237 notionem,
1177 3191 1180 3196 -

144 3287 205 3354 ut,
250 3292 351 3359 quam
391 3271 533 3337 revereri
574 3271 678 3336 Deam
719 3267 870 3336 mortales
893 3253 1125 3357 -juberentur,

135 3414 221 3457 eam
248 3387 393 3480 quddam
419 3413 458 3456 ex
485 3407 580 3480 parte
607 3407 852 3476 cognoscerent.
897 3391 942 3458 Et
963 3415 1040 3456 sane
1063 3415 1123 3460 ve-

135 3510 274 3577 ·rissime
314 3509 454 3576 Kantius
498 3511 701 3595 observavit,
738 3508 789 3581 vel
826 3535 879 3578 eos
920 3512 1028 3601 ipsos,
1065 3511 1127 3601 qui

147 3630 231 3718 juris
268 3629 420 3721 peritiam
453 3629 676 3722 profitentur,
711 3633 757 3716 si,
794 3629 878 3723 quid
916 3625 1049 3696 tandem
1084 3631 1126 3697 sit

148 3750 294 3838 iustitia,
330 3750 440 3837 rogas',
456 3748 458 3753 ’
477 3775 545 3820 non
580 3752 698 3840 magis,
744 3750 836 3842 quod
880 3735 1122 3840 respondeant,

182 4009 225 4080 (ι)
245 4008 325 4080 mog.
344 4008 437 4063 nasas
457 4009 509 4064 vt.
528 4011 572 4064 u.
