2490 4672
492 39 580 115 '83

87 256 130 323 t'ts
151 257 325 351 inmolare
353 256 453 350 plane
475 251 671 349 prohibetur
714 255 789 327 Non
815 248 1039 352 mirum'pro-

30 454 34 465 1
71 369 153 443 itero
181 400 253 447 rem
281 376 363 445 adeo
399 377 591 469 impeditam
615 379 703 462 esse,
738 379 775 445 in
802 402 869 473 qna
896 378 960 471 ipsi
981 401 1038 448 ve·

10 478 29 597 ξ
72 505 148 560 tetes
180 516 248 565 tam
269 494 460 588 frequenter
486 497 548 563 sibi
576 495 799 587 obloquantur
816 497 902 589 (l.·)
1064 562 1070 573 s

10 600 50 669 'a
100 610 200 683 llaec
230 612 272 680 dc
299 614 481 706 Pythagora
509 614 598 682 dicta
632 632 740 683 sunto.
799 616 894 706 Quid
921 616 1040 706 singuli

10 716 23 865 {s
64 726 172 817 ipsius
205 730 361 825 discipuli
396 732 433 798 in
472 731 592 799 Ethioa
622 730 838 824 profecerint,
874 735 1040 820 incertum

10 866 16 883 ¹
64 863 124 926 est,
156 848 271 920 verum
299 866 427 918 constat
449 849 561 917 multis
582 851 721 937 Magnae
738 852 893 920 Graeciae
921 854 1039 922 civita-
1073 863 1075 866 ’

64 961 154 1032 titus
183 969 323 1056 egregias
350 991 402 1035 cos
430 965 556 1034 dedisse
580 967 686 1055 leges,
717 991 786 1060 quo
812 971 943 1038 nomine
970 973 1036 1040 im-

60 1080 179 1168 primis
215 1085 405 1180 appellandi
444 1104 521 1153 sunt
556 1084 715 1155 Zaleucus
747 1105 781 1154 et
816 1088 1034 1172 Charondae,

64 1198 116 1286 (lui
153 1207 372 1275 Locrensibus
397 1204 628 1297 Epizephyriis
653 1222 688 1273 et
718 1206 953 1273 Catanensibus
979 1209 1037 1294 ju-

23 1302 26 1307 .
63 1336 93 1380 1²
119 1341 324 1412 posuerunt.
368 1326 417 1392 De
444 1324 633 1391 auctoritate
659 1349 791 1410 eorum,
824 1349 909 1414 quae
944 1327 1038 1394 uobis

24 1432 27 1439 ’
61 1454 277 1513 servaverunt
305 1440 468 1510 Diodorus
496 1422 625 1509 Siculus
656 1440 703 1532 (2)
730 1458 763 1510 et
789 1442 947 1511 Stobaeus
970 1442 1058 1535 (3),

18 1628 21 1637 Ι
61 1551 157 1627 inter-
182 1559 403 1645 virosdoctos
430 1559 470 1627 lis
498 1578 567 1647 est3
601 1559 686 1628 nibil
712 1560 828 1654 utique
854 1562 900 1633 in·
917 1563 957 1631 iis
983 1585 1039 1630 re·

19 1714 22 1721 ·
57 1676 217 1766 peritur,
255 1681 431 1771 quominus
465 1678 684 1766 legislatorum
720 1697 808 1748 certe
845 1681 1040 1750 sententiam
1079 1727 1082 1732 -

10 1826 18 1925 q
58 1811 137 1864 tere
166 1824 351 1893 expressam
390 1815 584 1868 statuamus:
621 1799 827 1891 prodemium
861 1799 1040 1892 persuadet

10 1954 12 2005 3
59 1917 180 2008 potins
216 1945 317 2013 quam
351 1915 515 2011 imperat,
551 1943 590 1986 ac
628 1920 804 2011 praecipue
836 1920 954 1986 intimo
978 1941 1037 1986 re-

10 2014 17 2033 „
45 2024 196 2115 -liaionis
229 2063 327 2107 sensu
360 2039 501 2123 eminet,
536 2038 735 2132 Pythagorae
766 2036 936 2132 discipulis
972 2061 1055 2132 op-‚

10 2152 12 2161 ’
39 2149 150 2226 'dne
185 2160 410 2247 couvenientig
447 2160 535 2251 ipsae
569 2157 669 2247 leges,
705 2158 879 2227 maximam
913 2176 1039 2246 partem

10 2358 16 2369 ι
60 2277 244 2362 mandes,
285 2277 399 2371 quales
439 2294 624 2370 temporum
663 2278 819 2362 memoria
857 2273 1038 2370 plurimum

61 2394 190 2464 tervan
219 2397 340 2483 solent,
376 2397 509 2466 honoris
535 2420 646 2465 sensus
673 2395 838 2467 excitandi
864 2413 898 2465 et
931 2388 1038 2484 legum

10 2424 17 2569 i
59 2515 268 2591 auctoritatis
296 2515 535 2587 conservandae
563 2516 711 2586 studium
737 2516 852 2586 eximie
889 2537 968 2605 prae
1003 2538 1037 2580 se

55 2740 421 2770 Ἣ-

64 2922 68 2928 ’
84 2885 138 2960 (1)
157 2897 257 2954 lambi·
273 2901 321 2953 dd.
341 2900 372 2951 ll.
389 2926 425 2943 -
441 2897 536 2953 Varias
551 2896 727 2962 traditiones,
752 2896 922 2960 revidetur,
942 2910 1040 2948 conso-

27 2969 31 2977 ,
47 2982 52 3007 ³
157 2985 249 3038 dandi
260 2981 353 3052 gratia
364 2987 466 3048 narrat,
480 2982 567 3050 ipsum
577 2979 755 3051 Pythagoram
769 2997 907 3049 nunquam
921 2979 1041 3034 victimas
1055 3030 1057 3033 .

149 3073 299 3131 mactasse,
326 3072 446 3119 cruentas
468 3082 527 3118 aras
552 3081 586 3117 na
610 3065 731 3117 adorasse
755 3062 865 3132 quidem
888 3059 936 3130 (cf.
963 3059 1042 3113 (1.5.

154 3148 187 3212 §-
208 3149 252 3200 25.
273 3146 306 3200 C.
323 3148 349 3200 7.
368 3148 394 3212 ᾗ.
406 3149 481 3217 35.),
500 3147 571 3199 idem
586 3148 750 3216 praecepisse
768 3145 923 3214 discipulis,
943 3144 1040 3213 quibus

48 3226 53 3257 ²
101 3244 105 3249 ·
150 3232 248 3287 &meu
270 3247 303 3282 ex
328 3229 442 3284 victimis
464 3235 567 3298 gustare
593 3229 788 3283 concedebatur
812 3230 870 3297 (cis.
887 3229 918 3278 ll.
943 3227 989 3278 cit.
1015 3232 1042 3276 et

149 3311 191 3367 (2.
208 3314 253 3365 21.
271 3314 297 3380 5.
315 3314 382 3382 98),
408 3312 529 3383 reliquos
554 3314 669 3383 denique
694 3312 814 3367 homines
834 3328 940 3366 caruem
959 3311 1037 3364 edere

144 3398 266 3464 sivisse,
307 3399 389 3451 modo
423 3416 469 3452 cor
501 3407 528 3451 et
560 3401 699 3452 cerebrum
731 3400 829 3453 intacta
859 3396 1040 3467 relinquerent

143 3475 204 3545 (C.
234 3484 277 3536 30.
311 3483 338 3548 §.
372 3484 447 3552 109).
490 3483 534 3535 Cf.
567 3482 696 3538 Bracker.
722 3484 791 3539 llist.
820 3479 924 3536 Philas.
950 3479 985 3536 Τ.
1012 3480 1036 3535 Ι.

62 3613 114 3695 ‹2›
145 3568 283 3702 aaa·

60 3695 115 3776 (3)
154 3669 644 3805 Sirm.dxtiv⁸illaeh.'(xn11.)
