2520 4672
600 230 698 364 240¹

272 468 275 477 ’
350 507 628 651 storto
665 477 857 596 nont.

400 750 480 797 ,ΒΕ
512 748 818 799 Altls'ro'rnntt.

572 957 679 982 m

186 1105 279 1179 Alter
301 1111 442 1197 justitiae
460 1128 617 1204 patronus
641 1110 719 1198 (hoc
743 1111 868 1202 quippe
885 1109 1018 1176 nomine
1030 1103 1100 1175 Pla-

109 1265 114 1273 ·
142 1246 252 1297 tonem
286 1246 320 1296 et
354 1227 560 1297 Aristotelem
597 1227 739 1322 appellat
771 1228 962 1294 Lactantius
985 1226 1058 1316 (1))
1090 1248 1105 1290 t

142 1345 298 1415 Cicerone
324 1350 384 1414 etsi
405 1366 625 1441 postponatur
649 1348 818 1433 magistro,
841 1342 984 1412 eundem
1002 1361 1104 1427 tamen

142 1467 202 1532 tihi
230 1466 482 1562 adspitulantem
507 1464 660 1550 habebis,
684 1468 710 1532 si
735 1464 940 1558 reliquorum
966 1464 1106 1531 omniunt

140 1585 410 1679 philosophorum
435 1587 639 1678 antiquitatis
665 1583 759 1653 facile
795 1585 983 1675 principem
1019 1580 1104 1670 judi·

143 1708 259 1773 caveris
296 1705 356 1795 (2).
414 1704 525 1798 Atque
561 1705 647 1772 hanc
682 1702 903 1770 laudationem
942 1703 1103 1770 Ciceronis

142 1850 350 1916 nequaquam
386 1824 475 1911 justo
510 1823 821 1911 magnificentiorem
852 1845 939 1905 esse,
975 1822 1036 1913 qui
1060 1817 1106 1887 tel

143 1944 342 2034 primoribus
360 1942 468 2010 'labris
498 1942 740 2034 philosophiam
766 1937 948 2010 Aristotelis
984 1937 1103 2026 degas·

144 2065 278 2147 taverit,
315 2080 430 2155 sponte
449 2065 452 2071 ’
468 2064 619 2154 quisquis
654 2061 818 2129 fatebitur.
876 2059 1002 2128 verum
1028 2059 1110 2125 enim

11 2269 34 2285 Γ
142 2206 237 2267 vero,
265 2183 328 2249 nisi
355 2179 485 2248 difficile
513 2199 614 2265 esset,
638 2183 722 2273 quin
748 2181 843 2246 etiam
874 2179 1108 2271 incongruam,

141 2324 253 2369 rerum
280 2301 416 2369 maxime
453 2299 654 2387 diversarum
689 2300 858 2373 instituere
892 2282 1109 2390 comparada·

142 2443 236 2504 nem,
274 2437 447 2511 appareret
482 2418 615 2499 fortasse
648 2419 816 2505 stagiritae
850 2439 969 2509 parum
1004 2416 1109 2510 potitn

141 2563 242 2631 quam
268 2541 408 2606 nimium
433 2537 537 2606 laudis
564 2562 630 2606 esse
654 2539 826 2605 trihntum.
869 2532 1002 2627 Quodsi
1024 2534 1109 2602 euim

136 2660 176 2724 i‘n
212 2657 345 2725 Platone
383 2659 508 2725 mireris
549 2658 669 2746 ingenii
704 2654 890 2724 facilitatem
919 2671 953 2723 et
978 2650 1108 2743 degan·

138 2776 236 2858 tiam,
260 2800 326 2866 qua
345 2775 567 2842 subtilissimas
591 2781 737 2868 quasque
758 2776 960 2868 quaestiones
978 2792 1014 2842 et
1028 2796 1109 2867 pett-

135 2898 281 2988 spexerit
316 2893 405 2964 ultro
440 2913 472 2962 et
506 2894 651 2964 dilucide
688 2911 880 2986 ornateque*
900 2894 1104 2987 exposuerit,

139 3040 208 3083 non
230 3017 391 3087 minorem
413 3014 599 3084 Aristoteles
626 3011 941 3109 meretnr'la'u'detn,
965 3012 1027 3107 qni
1047 3032 1108 3109 ape

140 3135 217 3201 tiori
245 3152 279 3201 et
305 3133 502 3222 diligentiori
528 3135 631 3203 forma
658 3158 787 3203 omnem
818 3131 965 3201 induerit
995 3128 1107 3225 pbilo-

138 3251 272 3344 sopbiae
309 3256 543 3322 tractationem.
595 3252 780 3323 Accedebat
815 3249 985 3321 doctrinae
1020 3251 1112 3345 eopia

137 3367 237 3464 plane
262 3371 451 3460 singularis,
475 3393 545 3442 tum
577 3377 743 3443 universae
769 3371 994 3466 philosophiae
1021 3352 1123 3443 anti-¹

140 3492 263 3582 quioris
290 3491 389 3583 plena
419 3495 544 3560 notitia.
588 3497 687 3564 Missa
713 3512 823 3562 sutem
853 3494 942 3561 omni
975 3516 1112 3587 cmpr-

127 3607 235 3678 uandi
256 3609 412 3696 libidine,
434 3637 502 3680 non
528 3614 678 3708 ineptum
706 3614 799 3685 nobis
826 3636 935 3705 neque
956 3608 1115 3681 ineubnn

139 3811 504 3832 m
560 3827 564 3835 Ι

79 3898 83 3905 ’
172 3906 215 3976 (1)
233 3905 357 3961 Lacerat.
376 3906 442 3959 inst.
461 3903 499 3957 V.
520 3906 560 3962 li.
578 3907 604 3958 5.

171 3989 433 4062 (perarmat.
454 3992 548 4046 lb..
687 4057 691 4063 ι
810 4018 815 4027 -
