2520 4672
584 294 647 358 134

139 503 331 571 sententiam
353 501 467 571 callide
490 502 700 587 calumniatus
716 502 775 592 (l).
820 503 986 572 Dicebant
1005 525 1108 595 prae-

139 640 226 693 terea
251 623 340 690 omni
369 625 531 690 communi
558 624 624 692 vita
652 623 835 691 doctrinam
861 646 954 691 suam
977 624 1105 693 confir-

168 914 209 983 (1)
230 911 312 982 Gorg.
329 913 390 963 484.
409 910 441 963 B.
467 911 518 962 cff.
530 908 660 963 Valcken.
671 909 704 960 ad
714 908 815 960 Herod.
827 906 883 960 Ill.
893 908 938 960 38.
959 905 1109 960 Schneider

227 995 315 1049 Germ.
343 995 422 1048 Pind·
445 993 535 1063 fragm.
561 1011 590 1061 p.
615 995 674 1043 107.
698 1009 759 1060 sqq.
794 993 853 1042 Ast.
881 989 914 1041 ad
938 987 1024 1059 Legg.
1054 989 1108 1042 Ill.

227 1081 298 1132 Anu.
323 1096 350 1145 p.
378 1078 436 1128 171.
459 1083 485 1138 et
500 1076 621 1142 inprimis
639 1072 775 1127 Boclihius
792 1076 826 1126 ad
839 1074 932 1142 fragm.
950 1074 1032 1125 Piud.
1050 1074 1106 1124 151.

228 1161 286 1230 (48)
306 1176 334 1226 p.
344 1159 405 1210 610.
417 1175 476 1226 sqq.
487 1196 494 1224 ,
515 1159 562 1226 qui
579 1164 663 1208 totum
680 1156 956 1209 locum·Piudaricum
966 1172 999 1206 ax
1011 1151 1104 1208 Sahal.

223 1245 258 1297 ad
275 1243 385 1295 Aristid.
404 1241 456 1309 (ll.
475 1242 530 1307 52.)
551 1242 674 1293 restituit.
696 1239 782 1305 ¹Sed,
802 1247 850 1304 ut,
868 1238 971 1306 pariter
987 1255 1021 1290 sc
1040 1237 1105 1289 cu·

187 1328 190 1337 '
224 1328 313 1392 licles,
331 1324 580 1394 παῤῥησιαζόμενος
597 1324 710 1392 loquar,
728 1339 782 1373 non
799 1321 876 1388 plane
895 1319 1026 1372 satisfecit
1042 1315 1107 1369 milii

224 1410 344 1464 virorum
364 1408 502 1459 doctorum
519 1406 679 1472 explicatio,
706 1421 773 1473 quae
789 1403 871 1465 νόμον
887 1398 915 1453 h.
931 1401 952 1452 l.
969 1399 1061 1453 voluit
1073 1400 1106 1453 de

222 1494 278 1561 lege
300 1491 416 1543 naturali
441 1490 572 1556 usurpari.
606 1488 697 1551 Νόμος
714 1487 783 1538 enim
802 1485 831 1535 in
854 1481 1046 1551 sophistarum
1060 1499 1107 1535 ora

222 1564 337 1642 semper*
349 1573 510 1640 peculiarem
531 1571 643 1639 aliquam
667 1566 747 1619 habet
768 1566 1008 1636 significationem,
1029 1566 1107 1627 φύσει

222 1656 377 1724 oppositam.
411 1653 542 1705 Medelam
568 1649 695 1702 adhibere
711 1657 820 1702 conatus
840 1656 879 1700 eat
903 1647 949 1700 cl.
969 1645 1108 1701 Boethius

220 1740 331 1808 legendo
359 1739 434 1806 (coll.
463 1735 546 1804 Gorg.
572 1737 632 1788 188.
654 1735 695 1800 B,
722 1735 801 1803 laepg.
820 1733 876 1787 ΙΙΙ.
894 1735 957 1786 690.
983 1733 1032 1800 C,
1053 1733 1105 1786 lv.

219 1823 280 1872 714.
297 1819 342 1885 E.)
371 1820 412 1869 ὅτι
439 1821 510 1870 κατὰ
535 1819 613 1880 φύσιν
638 1809 718 1882 ἰιόμος
741 1825 791 1871 cet.
829 1816 882 1870 Sed
905 1818 1034 1886 quamvis
1051 1834 1104 1869 uon

219 1902 367 1969 putaverim
394 1918 453 1951 cum
487 1901 559 1952 doct.
592 1901 624 1952 de
651 1899 723 1951 Geer
747 1899 838 1952 Diatr.
862 1900 890 1952 in
918 1899 1005 1953 Polit.
1037 1901 1106 1952 Plat.

220 2002 248 2052 p.
267 1983 309 2032 22.
335 1981 406 2031 κατὰ
430 1983 507 2041 φύσιν
531 1979 558 2033 h.
578 1983 597 2032 l.
617 2001 671 2035 esse
686 1983 772 2034 minus
786 1984 940 2051 poiticum,
959 1984 1048 2036 credo
1064 1991 1106 2035 ta-

219 2081 280 2116 men
300 2060 368 2114 hanc
392 2062 536 2116 dictionem
562 2065 729 2126 sere-piosa
746 2066 826 2130 νόμος
846 2066 957 2134 dejure
982 2067 1107 2120 fortioris

218 2152 387 2216 usurpatam,
417 2163 430 2196 a
453 2147 613 2212 Poitarum,
642 2149 690 2216 qui
714 2155 773 2200 ante
798 2145 937 2215 Sophistas
956 2148 1117 2211 vixerunt„

216 2230 371 2282 notionibus
392 2228 470 2279 nimis
486 2228 596 2279 alienam
615 2247 687 2295 essa,
715 2247 795 2298 quam
813 2237 859 2292 ut,
883 2228 1000 2298 reliquis
1016 2231 1105 2298 positis

215 2313 354 2390 inusitata,
374 2311 429 2379 'qui
451 2329 551 2379 semper
574 2313 656 2374 «νόμον
674 2320 700 2364 et
718 2316 787 2376 βίαν
801 2312 917 2368 invicem
937 2323 1101 2382 opponunt,

216 2394 325 2448 Pindari
349 2394 493 2462 fragmento
519 2391 570 2445 hac
591 2395 692 2446 ratione
719 2395 881 2448 restituatur.
917 2394 990 2448 Tum
1016 2400 1105 2453 ubivis

214 2478 249 2529 ud
259 2476 368 2530 Pindari
384 2478 502 2541 dictum,
522 2478 564 2526 ὅτι
580 2477 659 2540 νόμος
675 2476 688 2526 ὁ
704 2479 812 2529 πάντων
831 2478 963 2542 βαοιὶεύς
983 2486 1101 2535 θνατῶν

213 2579 246 2613 τε
266 2561 314 2611 eal
332 2550 494 2621 ἀθανάτών,
512 2559 555 2613 vel
571 2561 676 2627 abipso
692 2562 802 2621 Platona
817 2563 980 2634 (cf.Protag.
991 2569 1101 2620 337.D.

216 2642 308 2712 Symp·
330 2644 388 2694 196.
409 2642 454 2711 C.)
481 2642 630 2707 alluditur,
652 2643 721 2693 illud
736 2644 864 2711 accipitur
882 2645 915 2697 de
939 2649 1003 2715 jare
1034 2658 1103 2701 con-

216 2726 318 2775 stituto.
360 2724 497 2775 Praeterea
512 2740 566 2774 non
583 2724 668 2774 solum
686 2741 740 2775 uon
756 2727 911 2778 conveniret
926 2728 973 2779 sed
995 2728 1101 2782 abhor-

214 2813 287 2861 reret
310 2823 387 2874 quam
422 2805 570 2874 longissime
593 2823 608 2856 a
637 2804 822 2873 sophistarum
853 2809 998 2876 opinione,
1026 2811 1101 2879 qood

213 2891 260 2942 lox
274 2889 553 2957 naturalisvocarctur
571 2890 659 2959 regina
676 2891 810 2943 omnium:
829 2890 928 2967 quippe
937 2893 986 2963 qui
994 2911 1101 2961 semper

143 3020 146 3027 .
215 2979 406 3045 quererentur,
433 2977 507 3044 quod
529 2973 624 3025 naturis
646 2976 746 3042 justum
767 2973 811 3042 (τὸ
828 2975 938 3028 δίκαιον
952 2978 1037 3039 φύσει
1052 2979 1100 3030 ‹li-

155 3120 156 3125 ,
215 3079 275 3115 cera
298 3060 428 3129 solebant)
451 3061 556 3111 nullum
576 3059 632 3112 sere
655 3056 738 3111 hahet
755 3059 915 3127 imperium,
935 3060 1004 3113 dum
1016 3061 1099 3126 siper

214 3161 304 3196 omnes
330 3151 405 3213 cogat
427 3145 461 3195 ad
479 3145 561 3198 vitam
574 3149 683 3194 naturae
699 3149 886 3225 repupneutpm
901 3151 929 3195 et
941 3146 1033 3197 omnis
1050 3163 1100 3199 ro-

214 3232 266 3293 gat.
310 3225 410 3293 Aperte
443 3227 556 3294 denique
583 3225 801 3293 praecedentibus
829 3222 1004 3292 opponuntur
1028 3248 1099 3301 quas

214 3317 359 3378 sequuntur
376 3313 456 3366 verba
479 3297 557 3369 sirac
581 3310 613 3361 δὲ
637 3311 683 3376 δὴ.
718 3308 770 3361 lles
789 3309 967 3376 probabiliter
985 3314 1097 3366 ridetur

214 3392 394 3460 expedienda,
430 3395 452 3446 si
478 3391 593 3447 Beckhfi
624 3390 728 3444 medelis
753 3391 807 3443 alii
833 3394 936 3446 ratione
960 3398 1095 3467 applicata

211 3475 311 3544 (simile
330 3477 397 3547 quid
414 3477 487 3547 quod
501 3477 535 3529 ad
553 3477 713 3541 verborum,
731 3476 966 3543 nonseutsntiam,
985 3481 1096 3551 radpo-

212 3559 354 3626 sitionem,
381 3561 437 3628 ipse
459 3561 501 3615 vir
526 3559 569 3612 Cl.
588 3548 652 3611 olim
675 3557 815 3628 proposuit
830 3558 864 3609 ds
878 3556 951 3619 Meu.
967 3568 997 3613 et
1013 3560 1094 3633 Legg.

213 3661 243 3711 p.
270 3644 337 3707 178,
371 3643 519 3710 probarunt
546 3641 600 3694 Cll.
627 3641 685 3694 Ast.
710 3643 744 3693 ad
761 3639 844 3710 'Leggt
868 3656 895 3709 p.
914 3634 987 3706 171,
1016 3642 1094 3697 sul-

209 3728 298 3779 baum.
317 3725 395 3779 adh.
411 3728 448 3793 l.,
466 3728 523 3793 alii]
545 3727 660 3794 legatur:
686 3726 765 3788 νόμος
788 3724 802 3774 ὁ
824 3726 932 3776 πάντων
957 3728 1094 3789 βασιλιός

208 3810 323 3864 &verua
345 3831 377 3864 τε
405 3812 452 3864 καὶ
477 3809 631 3863 ἀθανάτων·
658 3794 735 3867 ciacc
767 3807 799 3860 δὲ
828 3809 865 3873 δὴ
893 3810 968 3859 κατὰ
993 3810 1091 3876 niues,

212 3893 281 3962 [scil.
308 3894 402 3963 siper,
429 3893 516 3949 deleto
534 3894 616 3952 verbo
640 3893 736 3962 opole,
758 3897 867 3962 propter
885 3890 1091 3946 similitudinem

405 4008 409 4019 ·
1073 3994 1089 4029 ι
