2542 4672
609 350 670 414 269

154 559 307 654 eipieudu
327 560 446 626 iterum
467 560 651 650 iterumque
677 559 881 650 profiteatur.
926 560 965 624 In
991 582 1030 625 eo
1056 559 1124 626 solo

153 680 329 762 differunt,
358 677 449 769 quod
470 679 605 765 justitia·
620 696 669 744 est
693 679 795 744 virtus
822 688 1010 767 comparate
1029 703 1121 745 oon-

152 801 311 882 siderate,
348 824 423 865 eum
459 800 561 864 virtus
597 823 657 888 per
693 822 725 863 se
763 799 804 862 sit
839 798 940 863 virtus
974 799 1124 863 absolute

152 921 219 986 sive
250 917 440 1011 simpliciter
471 916 708 983 considerata''.
755 919 827 982 Huc
857 942 960 1007 usque
990 917 1121 983 verissi-
1185 968 1188 975 .

152 1060 206 1103 me
241 1055 319 1102 sunt
350 1053 384 1104 et
413 1039 535 1122 egregie
564 1037 670 1119 dicta,
706 1040 741 1101 in
771 1062 836 1126 qua
863 1039 1024 1103 sententia
1050 1035 1124 1103 vel-

150 1153 218 1220 lem
250 1156 354 1247 probe
389 1157 510 1222 stetisse
547 1176 720 1224 auctorem.
766 1157 889 1223 Verum
925 1158 971 1222 sie
1006 1159 1124 1247 pergit.

153 1275 295 1365 »ltatpte
332 1277 408 1340 euni
442 1276 543 1340 virtus
576 1276 617 1340 sit
647 1299 685 1341 ea
718 1276 764 1340 vis
799 1278 925 1356 animi,'
955 1300 1022 1366 quo
1050 1276 1125 1366 quis

152 1391 294 1458 hominis
318 1393 422 1458 officia
445 1391 572 1483 explet,
596 1395 719 1479 justitia
742 1393 856 1460 eedem
878 1397 924 1460 vis
947 1412 1012 1477 est,
1035 1419 1122 1484 qua·
1162 1464 1165 1469 ,

152 1529 250 1577 tenus
283 1512 396 1578 officiis
433 1537 508 1597 erge
544 1513 620 1579 alios
655 1512 855 1599 obligamur,
893 1537 967 1579 cum
1002 1515 1038 1576 iu
1073 1512 1126 1577 his

152 1628 228 1697 solis
262 1631 393 1697 virtutis
424 1656 499 1697 usus
527 1631 644 1722 aliquis
672 1631 713 1730 ed
742 1632 895 1712 alterum,
926 1649 965 1696 ut
991 1631 1122 1697 Aristo-

152 1747 233 1815 teles
257 1744 358 1833 dieit,
390 1749 595 1817 intercedere
622 1754 732 1841 possit.
778 1753 877 1818 Recte
899 1774 974 1837 ergo
999 1750 1123 1835 justitia

150 1844 192 1935 eu
218 1869 317 1934 animi
344 1871 390 1934 ris
418 1870 483 1936 sive
512 1868 659 1936 voluntas
687 1869 826 1953 dieitur,
855 1894 920 1960 qua
948 1871 1021 1960 quis
1048 1893 1123 1934 om-

149 1986 251 2052 nihus
282 2011 357 2072 erge
394 1986 470 2053 alios
506 1989 618 2054 officiis
653 1989 797 2080 perfecte
825 1988 1007 2076 fungitur’'.
1052 1990 1125 2054 Jam

149 2105 401 2192 distinguuntur
428 2109 499 2199 ipsa
530 2108 649 2190 officie,
682 2107 792 2197 quod,
825 2110 969 2198 opinor„
992 2106 1125 2173 Aristo-

149 2225 225 2293 telis
250 2225 418 2292 doctrinae
440 2224 535 2292 valde
559 2227 775 2312 incongruum
802 2243 859 2291 est.
904 2226 1015 2292 Virtus
1038 2225 1127 2289 enim

147 2362 186 2412 et
208 2348 331 2432 justitia
351 2343 463 2410 eadem
485 2344 581 2436 plene
601 2347 703 2412 officia
724 2343 1004 2435 complectuntur,
1029 2369 1125 2409 nem-

148 2490 197 2556 pe
223 2489 262 2530 ea
288 2467 489 2556 praescripta
516 2463 640 2550 legibus
668 2492 686 2530 a
712 2466 847 2530 scientia
875 2462 984 2549 legum
1010 2462 1124 2528 fereu-

144 2583 270 2650 duum
291 2581 454 2674 prosectis
480 2583 548 2673 (l):
579 2607 693 2650 verum
715 2583 802 2647 enim
824 2583 850 2646 si
875 2579 999 2646 diversa
1025 2604 1125 2671 prae·

149 2704 324 2794 eriperent,
361 2724 429 2767 non
466 2703 648 2792 potuissent
683 2724 816 2791 prorsus
846 2699 960 2767 eadem
987 2725 1039 2767 res
1065 2725 1126 2767 vo·
1232 2778 1239 2793 Ι

143 2824 232 2891 ὀπὶ.
277 2822 393 2912 Neque
430 2822 528 2906 magis
559 2822 658 2906 igitur
685 2845 797 2888 verum
825 2837 893 2903 est,
929 2845 968 2887 ex
994 2820 1126 2889 Aristo-

145 2940 224 3010 telis
248 2943 409 3007 sententia
439 2941 537 3005 etiam
558 2957 649 3006 extra
676 2939 764 3005 illam
792 2942 950 3025 justitiam
975 2942 1129 3008 virtutem

149 3084 221 3130 esse
248 3084 359 3152 posse,
393 3059 551 3149 quod'ex
579 3062 686 3125 minus
713 3059 796 3125 bene
822 3058 991 3125 intellecto
1013 3058 1126 3150 philo-

149 3179 251 3272 sophi
272 3177 346 3246 looo
370 3176 448 3243 alibi
472 3179 522 3246 vir
540 3176 591 3244 Cl.
615 3174 711 3244 docet
725 3177 785 3266 (2).
832 3178 1005 3243 Distinetio
1027 3177 1124 3245 Aris-

169 3436 229 3530 ’(ι)
251 3459 334 3512 uret.
358 3457 446 3525 Magn.
472 3454 543 3505 Mor.
563 3453 586 3504 1.
604 3454 647 3504 er.
666 3454 724 3504 rer.
743 3450 776 3504 r.
796 3454 853 3505 165.
871 3453 905 3503 A.
921 3481 956 3494 -
970 3451 1076 3504 ttrcom.
1094 3451 1131 3506 v.

89 3533 95 3541 '
226 3570 229 3575 -
248 3547 274 3595 s.
292 3545 335 3595 61.
353 3544 387 3594 A.
407 3541 474 3594 dreit
496 3541 598 3607 affre
617 3541 653 3589 te
671 3539 775 3602 notre,
796 3538 1014 3605 quandoquidem
1029 3539 1132 3600 νόμιμα

246 3627 355 3693 insuper
372 3621 599 3690 comprehendunt
614 3624 650 3671 τὰ
663 3622 769 3683 reuerti.
805 3619 846 3670 cf.
865 3619 901 3671 V.
923 3621 964 3671 10.
981 3622 1024 3672 67.
1038 3621 1076 3672 D.

186 3711 229 3781 (2)
249 3708 283 3761 u.
294 3726 317 3760 c.
328 3728 355 3776 p.
366 3707 507 3760 tesvide
517 3707 626 3759 urcom.
636 3706 672 3758 v.
683 3709 707 3757 3.
720 3708 761 3757 se.
774 3704 922 3755 uentre
933 3688 1054 3773 yepes]
1065 3703 1133 3753 r...

248 3789 318 3843 Sunt
343 3792 452 3861 quidem
476 3792 583 3843 virtutis
604 3797 697 3858 portet
719 3789 866 3857 quaedem,
894 3806 962 3856 queo
977 3789 1057 3856 magis
1072 3806 1132 3857 erga

246 3874 328 3938 elios,
356 3893 435 3943 quam
462 3892 520 3943 erga
538 3874 726 3940 nosmetipsos
740 3891 795 3924 esse
820 3872 960 3935 videntur;
986 3872 1032 3923 sed
1051 3890 1131 3940 gene-

246 3956 298 4009 rati
322 3974 399 4008 sensu
423 3956 575 4020 intellecta,
601 3956 688 4009 virtue
706 3973 808 4026 semper
825 3972 884 4023 erge
901 3954 968 4006 elios
984 3961 1023 4006 est
1038 3956 1130 4024 ulique

336 4058 339 4063 ·
1013 4048 1017 4057 “
1070 4056 1132 4093 mo-
