2520 4672
596 347 657 412 180

143 580 162 623 a
189 556 322 624 veritate
352 557 491 622 aberunt
527 557 664 646 captivi,
704 555 857 646 quando,
894 554 1008 623 solutis
1033 556 1101 624 vin-

142 674 240 760 culis,
270 677 353 766 ipsas
390 692 509 739 statuas
537 692 570 741 et
604 698 679 744 vasa
705 694 738 742 et
766 694 872 743 cetera
903 678 967 743 ista
998 674 1104 765 adspi-

142 797 251 879 cient,
275 792 379 859 multo
401 813 508 862 autem
528 796 648 860 rectius
671 793 853 879 videbunt,
876 817 1000 885 quum,
1019 809 1106 884 post-

141 936 241 1003 quam
275 936 293 978 e
329 936 428 1002 specu
469 910 703 996 escenderunt,
743 915 853 1004 ipsum
893 913 1110 979 intuebuntur

140 1029 239 1097 solem
271 1030 331 1120 (l).
378 1029 532 1097 Similiter
567 1055 627 1097 nos
666 1034 707 1098 ab
743 1035 880 1116 εἰκασίᾳ,
916 1055 988 1123 qno
1018 1032 1112 1097 animi

140 1165 226 1215 statu
262 1149 418 1239 pristinae
454 1150 507 1214 isti
545 1151 751 1240 captivorum
785 1149 971 1229 conditioni
1010 1147 1111 1215 simil·

141 1266 210 1333 limi
237 1291 347 1332 sumus
377 1267 517 1359 (quippe
544 1269 656 1334 inanes
685 1269 782 1335 etiam
816 1270 952 1335 umbras
986 1292 1115 1347 rerum,

140 1410 221 1477 quas
244 1402 383 1452 oratores
411 1387 547 1451 maxime
573 1405 606 1453 et
629 1396 744 1477 po'etae
775 1386 877 1455 oeulis
903 1388 1029 1453 nostris
1052 1388 1113 1453 ob·

138 1501 303 1586 fundunt,
327 1503 553 1595 adspectantes
582 1503 675 1596 (2l),
712 1524 842 1597 oportet
869 1506 1021 1571 animum
1048 1508 1114 1573 eri-

137 1646 212 1708 gere
239 1621 281 1688 ad
308 1626 431 1706 πίστιν,
455 1649 539 1715 quae
575 1650 615 1691 ex
648 1650 761 1692 rerum
792 1627 941 1717 ipsarum
971 1627 1118 1694 nascitur

139 1739 413 1831 contemplatione
457 1743 517 1833 (3).
576 1743 701 1812 Verum
741 1745 787 1811 sic
820 1762 929 1810 tamen
965 1742 1119 1811 nondum

136 1859 178 1925 ad
215 1866 388 1945 scientiam
432 1861 626 1952 (ἐπιστήμην)
665 1864 884 1954 pervenimus.
942 1862 1117 1953 Quamdiu

137 1977 226 2043 enim
245 1978 281 2041 in
297 1978 423 2044 mundo
436 1979 609 2071 spectabili
630 2005 818 2064 versamur,
839 1957 997 2072 opinione
1014 1983 1116 2073 (torp)

137 2096 297 2164 ducamur
324 2122 454 2165 necesse
480 2117 529 2166 est
565 2100 627 2189 (4).
684 2102 756 2167 Jam
791 2125 868 2169 vero
905 2100 1117 2192 captivorum

137 2215 305 2307 exemplo,
338 2219 397 2307 qui
433 2242 450 2285 e
477 2216 634 2310 spelunca
660 2219 902 2311 protrahuntur
933 2219 978 2285 ad
1012 2222 1116 2311 ipsius

138 2333 330 2401 intuendam
361 2334 434 2401 solis
469 2337 597 2420 lucem,
634 2363 652 2404 e
684 2337 809 2405 mundo
840 2314 1019 2429 spectabili
1053 2338 1114 2404 ad-

137 2453 363 2522 ¹scendendum
386 2472 435 2522 est
459 2456 501 2522 ad
528 2455 643 2520 mundi
668 2454 876 2542 intelligibilis
901 2455 1115 2547 contempla-

138 2578 277 2657 tionem,
300 2576 417 2640 mentis
440 2574 535 2641 oculo
561 2573 749 2640 tentandam
773 2574 786 2663 (
809 2576 834 2663 ).

180 2694 343 2758 Nimirum
372 2694 554 2783 requiritur
580 2694 724 2784 primum
751 2689 867 2758 ardens
895 2693 1046 2758 veritatis
1077 2718 1115 2759 a·

139 2833 235 2891 mor,
272 2834 340 2900 quo
377 2811 530 2876 incensus
571 2812 696 2876 animus
736 2810 884 2878 studium
924 2809 1117 2879 adsectatur

138 2928 349 2994 scientiarum
372 2954 409 2995 ac
435 2928 703 3020 disciplinarum,
732 2952 875 3020 quarum
897 2924 978 2995 aliae
1006 2930 1117 3017 (mitto

137 3046 343 3138 disciplinas,
367 3071 447 3137 quas
460 3052 637 3135 ἂκάθαρτας
650 3064 745 3116 vocat
758 3043 867 3129 Pluto,
890 3046 1114 3131 medicinam,

138 3166 313 3247 musicam,
336 3160 495 3257 reliquas,
520 3191 603 3257 quae
622 3167 659 3230 in
678 3165 813 3251 objectis
833 3165 1014 3255 Empiricis
1035 3191 1118 3235 ver·.

137 3301 270 3367 santur,
295 3284 460 3376 adeoque,
485 3288 630 3376 quamvis
657 3283 699 3352 ad
729 3280 999 3376 praeparandum
1037 3287 1111 3350 ani-

101 3504 105 3512 '
166 3530 208 3596 (1)
227 3528 294 3595 nep.
312 3525 382 3579 v11.
401 3529 460 3579 555.
480 3527 512 3579 c.
532 3530 591 3579 515.
610 3484 715 3579 5.-Βῖ

160 3613 207 3682 (2)
225 3613 292 3680 llep.
304 3611 340 3662 X.
361 3612 421 3663 599.
435 3611 466 3662 A·
484 3611 604 3663 600.E.·
624 3611 667 3665 cf.
683 3610 782 3663 Heusd.
801 3627 847 3680 op.
864 3609 884 3661 l.
902 3606 938 3661 Τ.
955 3607 998 3661 Il.
1017 3610 1053 3664 Ρ.
1061 3608 1117 3663 lll.

167 3778 209 3846 (5)
228 3697 300 3845 lud.
314 3713 367 3829 dl.
386 3779 445 3830 5ιο.
466 3778 500 3829 a.
519 3780 579 3829 511.
598 3776 631 3829 n.
961 3788 964 3793 Α

164 3858 205 3926 (5)
224 3857 337 3928 Repv.
355 3859 458 3911 true.
476 3859 648 3914 55515559.
661 3859 693 3914 Ε.
712 3859 819 3916 Philet.
833 3861 875 3914 59.
887 3858 917 3913 Β.
937 3859 1067 3917 Times.
1082 3864 1116 3915 A.

164 4022 205 4089 (5)
224 3940 380 4091 ldepdlu.
399 4026 458 4079 555.
478 4024 508 4077 Β.
555 4042 558 4047 -
