2520 4672
612 299 671 363 108

154 507 342 601 grauissimis
378 507 618 597 quaestionibus
660 507 813 589 tentatis,
860 508 981 593 ingenii
1020 505 1112 575 laude·

151 653 232 721 prae
256 627 394 695 ve1itatis
430 624 538 691 studio
564 627 726 715 expetita,
756 625 858 691 omnis
890 624 1038 712 religiosa
1061 624 1111 693 illa

154 745 279 813 sublata
301 762 349 810 est
380 746 567 826 auctoritas,
604 746 672 809 sine
701 768 767 833 qua
793 746 830 808 in
858 745 987 812 civitate
1014 746 1110 813 virtus

154 860 245 930 nulla
278 881 346 948 est,
381 881 415 930 et
441 888 518 949 vaga
553 861 770 952 plurimorum
806 863 976 929 hominnm
1004 864 1118 931 animis.

136 983 299 1074 *obrepsit
325 984 481 1073 suspicio,
509 983 546 1045 iu
574 980 692 1049 talibus
716 982 979 1070 quaestionibus,
1012 980 1128 1072 qnalis'

154 1100 195 1168 de
217 1105 306 1188 justo
333 1101 489 1184 habetur,
512 1124 580 1166 non
596 1099 744 1165 funditus
765 1124 831 1166 esse
848 1098 1111 1191 despiciendum,

153 1221 181 1286 si
207 1245 224 1286 e
252 1222 416 1288 communi
442 1198 580 1285 servatas
608 1242 676 1284 esse
703 1216 869 1305 naufragio
896 1217 993 1302 velis,
1026 1196 1129 1310 qnorl

153 1337 300 1423 religioni
327 1337 495 1427 Sophistac
523 1338 770 1405 minitabantur.

197 1457 294 1523 Varia
329 1457 410 1523 haec
441 1458 578 1543 exiguae
616 1473 649 1522 et
687 1457 876 1521 imminutae
918 1457 1116 1523 auctoritatis

155 1600 193 1642 ao
227 1576 319 1642 brevi
356 1574 560 1642 succedentis
591 1575 705 1640 ruinae
742 1573 902 1641 elementa
929 1575 1119 1642 continebat

154 1693 355 1784 Sophisticae
382 1692 550 1760 doctrinae
572 1693 677 1778 rati03
703 1712 736 1759 at
763 1709 877 1759 contra
904 1693 1061 1758 maximae
1086 1709 1121 1760 et

154 1837 230 1880 vero
256 1811 437 1903 praeclarae
458 1813 652 1893 efficacitatis
680 1811 742 1877 fuit
767 1813 803 1877 in
833 1830 972 1879 veterem
1000 1788 1116 1878 Philo-

154 1930 307 2018 sophiam.
366 1932 494 1998 Etenim
529 1907 633 2021 quum
659 1929 701 1996 ad
729 1931 911 2021 principia,
942 1953 959 1995 e
997 1931 1120 2020 quihus

117 2087 119 2091 ·
153 2051 274 2141 primas
295 2075 366 2116 suas
390 2053 536 2118 notiones
559 2050 764 2117 efformarent
785 2048 950 2130 homines,
973 2045 1118 2115 adscen-

154 2168 295 2252 derent,
333 2168 529 2237 adversarios
569 2179 744 2254 coe‘gerunt
779 2166 920 2234 eundem
954 2168 1122 2234 tramitem

153 2305 333 2355 retrorsum
360 2286 465 2375 legere
493 2306 526 2354 et
557 2289 601 2353 ita
623 2311 823 2353 summorum
848 2284 1121 2378 philosophorum

153 2404 259 2472 studia
288 2431 328 2474 eo
349 2405 558 2490 direxerunt,
596 2405 685 2472 unde
721 2407 888 2472 universae
923 2404 1120 2497 disciplinae

152 2524 279 2592 moralis
305 2527 398 2592 initia
421 2527 565 2617 petenda
591 2527 677 2607 sint,
707 2525 985 2616 opportunitatem
1013 2548 1117 2616 prae-

151 2644 296 2712 buerunt
317 2625 456 2730 eleganti
473 2645 612 2713 Socratis
633 2643 845 2734 disputationi
865 2661 899 2712 ct
914 2667 998 2711 nova
1016 2643 1117 2710 Ethi-

155 2786 206 2829 ces
228 2760 411 2830 elicuerunt
432 2781 618 2854 systemata,
642 2763 796 2830 stabiliori
819 2763 1034 2830 fundamento
1054 2788 1119 2831 cx-

153 2897 285 2949 structa.
330 2883 508 2974 Nunquam
542 2909 609 2950 non
636 2882 775 2975 proiecit
801 2881 1026 2975 philosophia,
1049 2884 1117 2950 ad-

153 3003 367 3071 versariorum
395 3002 465 3070 telis
495 3005 616 3096 petitas
639 3005 704 3069 imo
727 3005 795 3069 sine
827 3004 865 3067 iis
892 3000 1120 3092 pulcherrima

152 3145 220 3187 non
257 3123 450 3190 exstitissent
476 3122 611 3191 humani
643 3125 766 3209 ingenii
792 3139 1019 3188 monumenta:
1052 3123 1117 3206 ita,

153 3257 314 3330 quantum
330 3241 441 3332 paullo
460 3261 534 3334 post
555 3241 715 3334 profuerit
734 3242 960 3333 Sceptioorum
977 3240 1118 3309 dubita-
1153 3234 1156 3243 ¹

154 3360 218 3442 tio,
241 3356 308 3425 dici
327 3362 380 3426 vix
397 3379 517 3452 potest:
539 3388 578 3429 ex
595 3387 632 3430 ea
649 3363 783 3428 maxime
801 3359 947 3453 profecta
961 3378 1011 3428 est
1024 3361 1117 3430 Stoi-

154 3502 266 3546 corum
279 3479 451 3570 disciplina
472 3499 505 3548 et
519 3483 621 3549 omnis
638 3480 769 3548 tandem
782 3479 986 3571 philosophia
1000 3497 1115 3567 auota3

153 3597 216 3682 ita,
238 3616 275 3665 ut
289 3598 474 3690 exemplum
487 3625 610 3668 sumam
624 3627 641 3669 e
656 3602 779 3668 recenti
792 3617 913 3683 aetate,
938 3598 1120 3668 celebratae

152 3718 263 3784 Humii
283 3719 395 3811 Scepsi
428 3719 606 3787 immortale
633 3721 746 3786 Kantii
773 3743 854 3810 opus
885 3717 1025 3788 debetur
1053 3720 1117 3813 (1).

152 3893 507 3912 ——uu-—-—-—-

185 3983 225 4050 (1)
247 3983 322 4037 Imm.
338 3986 416 4039 Kant.
433 3989 536 4056 Proleg.
552 4007 586 4042 zu
602 3964 673 4041 effer
688 3990 773 4058 jedem
795 3986 881 4038 kunst.
904 3983 1029 4053 metaph:
1040 4002 1069 4054 p.
1081 3987 1124 4039 13.
