2490 4672
522 327 563 394 97

56 555 170 601 rerum
194 535 342 602 omnium
367 537 617 624 incertitudine,
649 563 717 606 non
744 541 905 627 multum,
926 547 1026 612 neira

58 653 236 725 moralibus
259 654 415 745 quidem,
438 655 515 724 fidei
537 657 756 749 reliquerant3
783 678 851 726 tum
873 661 1028 754 frequens

57 775 204 854 quamvis
231 773 393 841 indirecta
420 774 619 862 admonitio,
656 779 740 845 hene
768 781 856 846 inter
887 805 924 846 ea
954 781 1026 848 dis·

58 883 275 973 tinguendum
301 917 386 977 esse,
411 911 494 985 quae
521 896 558 960 in
588 896 710 983 legibus
732 899 887 966 institutis
916 925 935 964 a
961 925 1025 966 na-

58 1015 153 1092 tura,
173 1028 207 1077 et
229 1036 353 1111 quasa
380 1011 446 1079 sola
469 1015 623 1105 opinione
646 1014 956 1106 proficiscerentur,
979 1018 1023 1083 li-

56 1115 166 1195 berius
194 1128 311 1216 judicii
336 1134 527 1202 exercitium
556 1128 809 1225 provocaverat3
836 1138 931 1215 tertio
952 1135 1025 1203 loco

57 1248 163 1314 Omnis
203 1247 353 1315 doctrina
394 1248 436 1317 de
486 1254 631 1318 moribus
672 1255 780 1339 gratis¹
812 1272 951 1321 assumta
991 1272 1024 1322 et

55 1373 232 1457 praecepta
258 1367 374 1463 Ethica
399 1366 531 1434 laudata
553 1372 651 1456 magis
675 1396 775 1461 quam
796 1373 934 1463 probatu
961 1397 1019 1441 vc-

54 1466 224 1552 lletarenter
244 1505 411 1556 moverant
433 1490 656 1579 suspicionem⁴
673 1491 743 1580 (l);
767 1491 831 1559 hcc
854 1490 998 1581 denique
1010 1538 1037 1576 ,›

307 1633 312 1637 .

147 1759 275 1817 ruerunt,
294 1752 323 1803 iu
335 1750 408 1805 Nor.
426 1753 488 1804 net.
508 1751 571 1805 Soc.
588 1752 705 1822 Trajcct.
725 1752 757 1808 T.
770 1752 809 1804 11.
826 1772 854 1821 p.
864 1753 924 1805 237.
934 1756 1026 1823 sqq.);

73 1862 76 1867 ·
144 1835 252 1887 nonita
267 1840 370 1898 tamen,
390 1841 420 1885 ut
438 1834 513 1903 quod
530 1837 616 1889 voluit
634 1837 676 1889 vir
694 1838 941 1901 aestumatissimus,
961 1834 1026 1890 haec

146 1935 179 1968 ex
203 1917 251 1966 illa
277 1916 392 1984 pendere
420 1917 551 1971 videatur.
595 1915 726 1987 Quamvis
751 1919 821 1970 enim
845 1916 1027 1969 Eleaticorum

74 1996 80 2003 ’
145 1992 254 2055 acumen
270 2000 393 2052 laudetur
406 2001 435 2051 in
453 2000 612 2070 disputando
619 2007 633 2067 ,‘
646 2019 701 2053 non
717 2019 749 2054 eo
767 2002 875 2071 legimus
888 2003 950 2053 illos
967 2019 1028 2053 usos

63 2112 66 2117 ·
117 2123 124 2129 -
145 2088 223 2139 fnisse
237 2087 267 2138 in
281 2087 518 2155 disceptationibus
532 2104 599 2156 quac
614 2086 647 2137 ad
662 2087 853 2154 rempublicam
866 2087 1028 2155 pertineant.
1119 2110 1128 2121 s

144 2174 305 2243 Disputandi
336 2174 447 2225 fortasse
480 2172 592 2224 formam
624 2171 721 2221 imitati
752 2176 813 2220 sunt
847 2166 1032 2238 (nequaquam

144 2253 352 2325 philosophandi
376 2256 506 2323 principia
530 2253 624 2321 secuti)
646 2251 759 2321 Gorgias
775 2259 804 2303 et
823 2250 1027 2320 Protagoras'in

44 2330 60 2361 ‘¹
143 2339 296 2408 quaestione
318 2338 352 2390 de
375 2341 432 2389 ceri
450 2339 568 2404 judicio,
597 2351 690 2388 verum
714 2334 743 2384 in
769 2334 898 2403 reliquis,
928 2332 1027 2401 quibus

142 2421 237 2474 eximie
261 2420 354 2470 famam
379 2436 453 2469 snam
475 2418 639 2480 debuerunt,
669 2413 810 2484 sophistae
837 2413 907 2467 nihil
935 2415 969 2464 ab
993 2415 1026 2466 iis

135 2502 256 2559 ,mutuati
282 2508 356 2566 sunt;
384 2501 450 2570 quin
476 2499 588 2551 Politice
617 2497 736 2563 Schola,
764 2516 778 2550 c
803 2516 855 2566 qua
876 2490 1029 2566 prodierint

144 2584 300 2654 sophistae,
330 2584 427 2636 diserte
454 2579 631 2649 Physicorum
659 2576 847 2646 Philosophiae
875 2584 1028 2647 opponatur

62 2702 75 2723 a.
141 2670 170 2721 in
195 2671 274 2732 loco,
295 2685 374 2735 quem
401 2666 491 2737 laudat
510 2665 582 2723 idem
599 2662 686 2728 Geel,
716 2661 853 2733 Plutarch.
872 2659 931 2714 Vir.
949 2659 1028 2712 The·

144 2751 212 2802 mist.
237 2768 265 2817 p.
283 2747 342 2799 112.
362 2747 408 2812 D,
438 2747 566 2817 (quocum
591 2745 706 2798 conferri
727 2752 859 2798 merenter
882 2745 967 2798 lsocr.
994 2746 1027 2798 de

144 2835 261 2886 Permut.
285 2852 312 2902 p.
338 2834 400 2884 677.
425 2831 458 2882 C.
490 2839 517 2882 et
540 2829 670 2883 Themist.
699 2829 751 2883 Or.
774 2830 890 2883 xxm.
916 2850 944 2898 p.
965 2833 1028 2886 286.

37 2958 42 2964 .
137 2917 185 2977 ed.
202 2915 286 2966 Hasd.
306 2915 396 2982 1684.)
423 2912 461 2962 iti
480 2919 509 2963 ut
527 2910 590 2965 Viri
607 2911 671 2978 ct,
699 2913 858 2964 omniafere
876 2914 910 2964 ad
934 2911 1045 2972 Scho-‚

32 3020 38 3059 ·,
96 3060 101 3067 .
144 2997 195 3049 lam
229 2996 377 3049 Eleaticum
416 2995 571 3061 referentis,
613 2994 758 3062 disputatio
796 2997 916 3063 speciosa
949 3000 1031 3065 magis

140 3099 220 3150 quam
243 3098 306 3135 vera
328 3080 460 3135 videatur.
478 3097 480 3100 ·
501 3077 539 3129 Iis
561 3077 689 3145 quidem,
716 3077 764 3145 qui
783 3077 881 3130 diserte
897 3076 1029 3133 Rhetores

144 3164 271 3233 appellari
289 3163 432 3228 volebant,
459 3158 574 3227 Gorgiae
593 3177 620 3212 v.
636 3175 678 3222 c.,
700 3157 875 3212 iustitutionis
892 3163 1031 3217 vinculum

40 3278 51 3291 --
93 3292 106 3299 -
143 3263 201 3299 cum
229 3246 357 3298 Eleaticis
388 3260 443 3296 uon
465 3243 544 3312 plane
570 3239 751 3308 abnegandum
778 3248 834 3307 est,
859 3246 909 3297 sed
931 3247 951 3299 ii
978 3249 1031 3317 ipsi

120 3332 219 3393 ,aliam
245 3330 358 3396 deiude,
386 3348 447 3382 cum
466 3328 577 3396 reliquis
593 3325 729 3395 Sophistls
743 3330 934 3396 communem,
961 3328 1028 3400 phi.

72 3430 80 3439 ·
140 3411 300 3483 losophandi
317 3413 431 3464 formam
448 3412 602 3463 induerunt
864 3401 866 3404 ’

51 3474 125 3567 u)
140 3495 240 3550 Mirum
253 3505 307 3565 est,
327 3498 401 3569 quod
417 3497 511 3551 Celeb.
530 3494 690 3550 Stiudliuus
706 3495 806 3550 Gcseh.
824 3499 873 3552 der
892 3501 1029 3570 Moralph.

138 3599 163 3649 p.
178 3584 213 3633 73
228 3599 269 3651 eq.
287 3583 317 3634 in
339 3583 452 3650 pristina
474 3581 628 3651 disciplinae
651 3583 761 3633 moralis
784 3586 941 3636 tractatione
963 3585 1030 3635 nul-

138 3663 188 3715 lam
215 3682 320 3717 causam
343 3684 370 3717 se
394 3666 512 3735 reperire
529 3667 600 3734 ajat,
621 3681 667 3716 cur
686 3681 701 3714 a
722 3663 856 3732 Sophistis
877 3685 906 3718 ea
923 3668 1032 3738 impug-

136 3757 253 3802 naretur.
289 3751 422 3804 Provocat
439 3752 473 3803 ad
489 3747 682 3820 Pythagoram:
703 3768 796 3802 verum
813 3747 893 3818 hujus
908 3752 1024 3820 placita,
1055 3764 1059 3769 '

136 3841 274 3903 autequam
295 3833 414 3887 Platonis
431 3835 614 3888 relevarentur
634 3835 755 3904 ingenio,
776 3835 868 3901 parram
886 3835 914 3885 in
934 3834 1024 3889 Grae-

130 3917 188 3971 cia
202 3919 306 3988 cognita
333 3927 416 3975 eraut.
452 3919 536 3991 Quod
554 3921 588 3976 ad
606 3918 792 3974 Democritum
812 3925 839 3970 et
854 3916 1024 3992 ,Guomicos,

957 4021 1024 4073 quos

774 4102 904 4165 27

1092 3708 1124 3751 ll.
