2520 4672
596 283 658 348 285

143 522 218 567 nem
251 497 380 564 ducunt
406 510 440 560 et
468 515 543 560 cum
569 515 721 583 suprema
746 491 873 559 ratione
902 490 1109 560 conveniunt.

83 676 89 687 .
140 617 198 682 Jus
233 606 344 697 civile,
381 613 421 680 de
457 636 524 702 quo
559 614 707 678 universa
741 611 887 700 quaestio
918 627 1007 693 erat,
1044 635 1113 677 non
1200 648 1208 655 -

142 732 339 800 excludebat
367 731 512 823 quidem,
530 757 567 797 ea
598 733 691 815 jura,
724 755 807 821 quae
834 708 973 821 propter
1003 755 1110 822 pecu-

128 850 256 924 ,liarem
294 852 430 918 civitatis
467 850 624 916 rationem
658 848 900 915 introducenda
937 850 1018 931 sint,
1054 847 1111 927 sed
1201 916 1207 923 ,

142 952 299 1034 οἰαιαΙόα
327 992 458 1060 quoque
482 969 590 1033 omnia
613 965 911 1056 complectebatur,
942 992 1024 1058 quae
1046 992 1109 1032 na-

123 1089 234 1154 'turae
270 1086 338 1188 lege
372 1088 627 1178 praecipiantur.
665 1088 718 1162 ,In
754 1087 931 1153 Rhetoricis
959 1110 1035 1187 vero
1063 1084 1109 1150 li·'

143 1206 231 1288 bris,
263 1207 298 1270 in
327 1204 447 1295 quibus¹
471 1207 578 1296 primo
604 1203 676 1271 loco
698 1207 876 1288 attinebat,
906 1231 943 1271 ea
967 1205 1007 1270 de
1028 1208 1107 1295 qni-

143 1328 202 1392 bns
221 1328 437 1391 =instituatur
462 1325 657 1390 deliberatio
685 1334 717 1389 et
744 1335 868 1412 apaten
894 1333 933 1390 tn
959 1328 1001 1389 iis
1028 1348 1108 1390 ora-

147 1446 307 1527 tionibus,
330 1467 415 1532 qnae
438 1443 487 1508 ad
505 1436 753 1509 ostentationem
769 1453 1023 1533 comparantur,
1048 1467 1107 1509 ea-

139 1587 204 1652 qne
223 1587 309 1651 qnae
331 1566 366 1627 in
375 1536 378 1541 ¹
378 1562 522 1648 judiciis
545 1567 674 1630 versari
695 1565 840 1644 soleant,
865 1587 931 1629 non
954 1572 1110 1628 accurate

143 1682 297 1773 quidem,
339 1680 396 1748 sed
423 1686 602 1771 perspicuo
637 1699 744 1747 tamen
776 1680 913 1746 definire
940 1679 1007 1770 (i),
1044 1681 1109 1746 hoc

141 1819 367 1888 argumentum
387 1802 507 1867 iterum
527 1799 710 1886 aggreditur
727 1786 945 1882 Aristoteles}
960 1815 992 1865 ct
1006 1781 1111 1889 quum

141 1921 183 1988 de
210 1921 386 1987 virtutibus
413 1919 574 1985 disserens
602 1919 757 1986 docuerat
777 1919 935 2006 justitiam
953 1943 1019 1985 esse
1041 1923 1111 2015 οέρι-Ι
1166 2006 1169 2011 .
1211 2007 1213 2009 ι

122 2047 218 2130 τὴν,
253 2041 293 2106 δι’
315 2044 354 2133 ἠν
381 2043 420 2105 τὰ
447 2045 547 2109 αὑτῶν
575 2039 695 2107 ’ἕκαστοι
722 2043 839 2127 ἕχοοοι,
869 2045 920 2106 καὶ
947 2045 988 2115 aie
1014 2045 1033 2105 ὁ
1057 2046 1108 2108 νό-

140 2185 216 2243 μος,
248 2158 441 2243 injustitiam
464 2182 560 2240 vero,
593 2161 633 2224 δι’
661 2163 700 2241 ἣν
727 2165 766 2224 τὰ
792 2160 954 2244 ἀλλότρια,
986 2162 1040 2246 οὐχ
1069 2163 1111 2234 ὥς

141 2285 160 2344 ό
186 2282 275 2361 νόμος
289 2274 364 2365 (2),
387 2293 421 2342 ct
444 2275 504 2341 alio
525 2274 597 2344 loco
619 2277 774 2362 injuriam
796 2276 918 2359 facere,
948 2282 983 2343 τὸ
1005 2254 1123 2366 βλάττὲΙ

142 2423 208 2464 ταν
243 2398 354 2464 Γέκοντα
386 2401 468 2484 παρὰ
496 2401 548 2464 τὸν
579 2403 671 2481 νόμον
705 2398 774 2485 (3),
811 2400 877 2482 jam
904 2397 1009 2487 ipsam
1034 2394 1111 2480 legis

99 2588 104 2594 ,
138 2531 290 2580 naturam
318 2511 560 2596 declaratutqus
583 2516 691 2581 statim
713 2517 749 2578 in
771 2514 878 2581 fronte
902 2513 1015 2599 docet,
1038 2538 1111 2581 eam

137 2658 205 2701 esse
235 2632 420 2725 duplicem,
445 2637 620 2723 propriam
647 2652 681 2700 et
707 2656 921 2718 commanem,
953 2619 1032 2702 ἴδιον
1053 2612 1123 2743 μὲν]

141 2753 287 2844 (νόμον),
323 2753 396 2820 καθ’
432 2756 470 2820 ὃν
511 2756 716 2841 γεγραμμένον
753 2755 972 2823 πολιτεύονται
1008 2744 1128 2853 κοινὸνἰ

139 2875 195 2955 δὲ,
227 2875 283 2937 ὅσα
320 2878 444 2959 ἄγραφα
474 2878 556 2959 παρὰ
584 2881 676 2941 πᾶσιν
703 2860 915 2958 ὁμολογιῖοθαι
943 2856 1086 2940 tanate
1051 2871 1086 2963 (4
1086 2872 1111 2962 ).
1163 2922 1166 2926 .

139 2986 256 3073 Paullo
288 2988 470 3078 posthanc
498 2988 754 3056 definitionem
745 3016 780 3055 ιιι
802 2981 986 3056 memoriam
1012 3014 1110 3058 revo·
1102 2980 1133 3099 μ’(

142 3133 239 3192 cans,
272 3105 365 3173 aliam
403 3125 509 3173 tamen
537 3126 570 3175 et
597 3110 733 3175 maxime
757 3092 947 3175 diversam
941 3113 1011 3196 ejus
1038 3108 1113 3176 loco
1203 3196 1205 3199 ι

141 3227 330 3310 substituit,
361 3229 442 3296 ιδιον
472 3232 529 3313 μὲν
557 3235 649 3313 νόμον
676 3229 758 3340 dicit
784 3235 837 3298 τὸν
865 3236 997 3307 ἑκάστοις
1025 3235 1111 3317 ὠριο

135 3349 234 3432 μένον
274 3352 346 3433 πρὸς
384 3352 503 3423 αὐτούς·
531 3353 583 3414 καὶ
611 3333 720 3433 ουτον,
757 3355 811 3419 τὸν
837 3354 931 3434 μιν,
951 3357 1110 3435 ἄγραφον,

137 3471 196 3534 τὸν
223 3466 256 3530 δὲ
266 3512 276 3546 ,
309 3467 527 3552 γεγραμμένον·
554 3474 657 3536 κοινὸν
685 3472 716 3577 da*
745 3475 799 3538 τὸν
826 3476 905 3541 κατὰ
932 3478 1021 3553 φασιν
1050 3466 1112 3571 (5.)

170 3652 216 3721 (1)
237 3648 447 3703 Aratthum.
468 3651 491 3703 1.
510 3655 535 3704 3.
554 3652 614 3705 520.
633 3652 663 3705 Β.
682 3653 714 3705 C.
733 3656 758 3706 4.
777 3657 838 3760 520.
857 3652 890 3706 Ε.
911 3656 951 3706 10.
970 3654 1031 3706 535.
1050 3651 1129 3705 D.·'·

170 3733 216 3802 (2)
236 3720 316 3784 thet.
336 3733 359 3785 1.
378 3735 404 3795 9.
423 3736 483 3785 531.
504 3735 537 3784 A.
1180 3745 1188 3758 ·

171 3817 217 3886 (3)
236 3816 316 3870 thet.
338 3817 360 3870 I.
381 3821 422 3871 10.
441 3821 500 3872 533
520 3816 553 3872 Ε.

168 3901 213 3970 (4)
232 3900 311 3954 Rhet.
330 3903 349 3954 l.
368 3921 392 3956 c.

110 4042 113 4047 ¹
168 3984 212 4053 (5)
232 3981 310 4036 thet.
331 3985 354 4037 1.
375 3987 416 4037 13.
435 3988 495 4038 540.
516 3985 549 4040 Ε.
568 3988 627 4038 541.
649 3988 682 4039 Α.
