2520 4672
601 319 666 382 242

149 535 287 626 proprio
305 532 433 598 tramite
455 530 680 612 insistentem,
696 546 809 595 rerum
826 530 1108 601 Divinarum-cau.

150 679 198 720 sas
226 654 471 744 inquirentem,
495 657 547 716 τοῦ
569 654 665 724 ὄντως
692 653 779 725 ὄντος
803 650 974 718 scientiam
996 674 1108 720 venan-

149 791 224 841 tem.
284 768 505 839 Aristotelicas
547 765 740 858 disciplinae
781 766 927 837 indolem
968 774 996 837 si
1036 791 1110 840 recte
1152 782 1155 795 '

149 914 339 977 cognoscere
363 886 515 971 velimus,
548 907 701 978 reputare
730 906 859 979 oportet
879 906 912 956 et
940 893 1110 960 institutio·

149 1036 225 1077 nem
251 1008 411 1089 Platonis,
448 1024 481 1072 et
514 1007 694 1095 antiquiori
721 1006 950 1098 philosophiae
977 1010 1110 1098 diligen-

149 1133 303 1197 tissimam
335 1151 466 1218 operam
496 1143 645 1194 navatam
669 1129 805 1217 ejusque
834 1122 1112 1210 accuratissimam,

107 1271 113 1278 ·
148 1274 213 1340 pro
252 1246 309 1313 illo
341 1265 506 1335 tempore,
521 1261 527 1282 ‘
544 1246 735 1335 acquisitam
761 1247 931 1329 notitiam,
967 1266 1001 1314 et
1028 1250 1111 1334 inge·

150 1369 243 1432 nium
278 1364 465 1457 philosophi
497 1363 782 1451 adjudicandum
809 1391 846 1432 ac
875 1367 1113 1454 corrigendum,

150 1511 250 1578 quam
278 1484 319 1550 ad
345 1483 566 1570 effingendum
594 1502 693 1575 atque
721 1484 949 1552 exornandum
976 1489 1113 1579 pronius.

150 1589 186 1672 Si
222 1628 297 1672 vere
327 1602 393 1668 dici
429 1620 536 1693 potest
571 1603 712 1699 Socratis
740 1602 891 1670 doctrina
918 1623 1113 1699 temporum,

122 1778 124 1781 v
151 1726 272 1816 quibus
294 1724 392 1804 vixit,
425 1721 538 1787 deberi
565 1723 762 1805 necessitati,
786 1746 855 1789 non
880 1723 1031 1792 inferiori
1050 1730 1115 1813 jure

149 1845 316 1923 statueris,
340 1839 581 1911 Aristotelicum
608 1866 782 1933 nunquam
809 1841 923 1928 talem,
947 1843 1053 1935 qualis
1080 1846 1115 1910 ab

150 1979 281 2029 auctore
311 1959 398 2026 edita
425 1977 493 2042 est,
516 1958 612 2026 fuisse
639 1960 865 2052 prodituram,
887 1964 951 2028 nisi
977 1964 1017 2030 eh
1043 1981 1116 2062 esset

148 2098 230 2147 tunc
258 2080 411 2170 temporis
439 2078 648 2170 philosophia
686 2067 872 2147 conditione
908 2106 985 2166 usa,
1023 2108 1115 2176 quam

57 2270 59 2275 ,
144 2199 446 2289 exsuperioribus,
469 2185 716 2291 spero,'aliquo
737 2199 836 2266 modo
857 2200 1016 2268 habemus
1037 2224 1110 2295 per·

117 2335 301 2410 ·speotam.
360 2317 491 2383 Etenim
527 2319 677 2408 quisquis
711 2320 749 2383 iu
776 2320 958 2387 Aristotelis
992 2324 1112 2414 scriptis

145 2458 215 2504 non
251 2440 383 2504 omnino
409 2437 528 2528 hospes
559 2439 686 2520 existit,
717 2456 863 2506 veterum
888 2438 1030 2532 placita,
1052 2445 1111 2511 sive

143 2558 265 2625 diserte
295 2554 523 2648 appellantur,
553 2559 620 2624 sive
648 2559 745 2623 tacite
772 2558 979 2642 innuuntur,
1001 2561 1113 2653 respici

144 2679 266 2759 ubivis,
299 2675 445 2753 laudari,
479 2679 605 2757 notari,
637 2677 776 2762 corrigi,
808 2698 940 2744 necesse
969 2697 1019 2745 est
1044 2682 1112 2746 ani·

143 2796 365 2863 madverterit.
410 2794 525 2884 Neque
555 2819 637 2886 opus
664 2813 713 2861 est
738 2794 835 2880 ideo,
857 2812 895 2860 ut
922 2795 1114 2866 simultatem

141 2916 250 2999 illam,
287 2934 388 3006 quam
422 2915 639 2981 intercessisse
674 2914 852 3005 perhibent
885 2917 997 3006 ipsum
1031 2918 1114 2985 inter

142 3054 176 3104 et
202 3036 389 3118 Platonem,
412 3056 592 3119 urgeamus.
638 3034 796 3123 Quamvis
823 3036 911 3100 enim
937 3034 1020 3131 h'acc
1042 3046 1112 3103 tra·

61 3188 64 3193 ·
143 3154 225 3220 ditio
252 3177 319 3219 non
348 3153 438 3219 omni
465 3150 679 3218 fundamento
699 3150 856 3219 destituta
876 3151 1030 3239 videtur,
1052 3178 1113 3246 po—

29 3302 31 3307 ·
125 3264 207 3339 >test
221 3291 344 3348 ,tamen
371 3269 464 3338 facile
492 3272 587 3336 etiam
615 3269 746 3338 aliunde
779 3296 873 3338 causa
900 3276 1030 3363 repeti,
1059 3298 1115 3342 cnr

140 3392 335 3484 praesertim
371 3388 514 3456 Platonis
545 3389 697 3455 doctriua
733 3391 774 3455 ab
805 3391 984 3458 Aristotele
1012 3395 1114 3480 agite·

141 3528 215 3596 tur;
249 3527 282 3576 et
308 3509 364 3575 hic
392 3526 578 3600 praeterea,
616 3526 779 3600 quatenus
815 3511 877 3577 sibi
913 3513 1114 3583 innotescere

139 3600 287 3722 poterat,
311 3626 437 3693 nullam
457 3620 728 3718 philosophorum
755 3620 942 3697 doctrinam
968 3633 1121 3731 irrepta

50 3824 53 3831 ¹
138 3748 273 3816 hensam
308 3745 454 3838 reliquit.
514 3747 585 3813 Hoc
611 3748 779 3838 ingenium
813 3748 924 3817 elucet
961 3755 1000 3818 in
1035 3756 1111 3822 nni·

135 3891 227 3936 versa
249 3865 461 3959 philosophia
483 3865 685 3952 Aristotelis,
709 3892 818 3960 neque
846 3872 882 3937 in
908 3875 1012 3967 ipsius
1040 3874 1111 3968 pla·

137 3987 208 4054 citis
235 4004 385 4072 tantum,
408 3986 466 4056 sed
494 4002 662 4079 spectatur
683 3990 782 4059 etiam
812 3991 847 4056 in
875 3990 981 4063 forma
1007 3995 1111 4066 ‹lim-
